<?xml version="1.0" encoding="UTF-8"?>
<Document xmlns:xsi="http://www.w3.org/2001/XMLSchema-instance" xmlns="urn:iso:std:iso:20022:tech:xsd:pain.008.001.02" xsi:schemaLocation="urn:iso:std:iso:20022:tech:xsd:pain.008.001.02 file:/home/jm/Algem/src/git/trunk/test/net/algem/pain.008.001.02.xsd">
  <CstmrDrctDbtInitn>
    <GrpHdr>
      <MsgId>1389883514568</MsgId>
      <CreDtTm>2014-01-16T15:45:15</CreDtTm>
      <NbOfTxs>138</NbOfTxs>
      <CtrlSum>34108.73</CtrlSum>
      <InitgPty><Nm>MUSIQUES TANGENTES</Nm></InitgPty>
    </GrpHdr>
    <PmtInf>
      <PmtInfId>1389883514568-L0</PmtInfId>
      <PmtMtd>DD</PmtMtd>
      <BtchBookg>true</BtchBookg>
      <NbOfTxs>109</NbOfTxs>
      <CtrlSum>29673.16</CtrlSum>
      <PmtTpInf><SvcLvl><Cd>SEPA</Cd></SvcLvl><LclInstrm><Cd>CORE</Cd></LclInstrm><SeqTp>FRST</SeqTp></PmtTpInf>
      <ReqdColltnDt>2014-04-15</ReqdColltnDt>
      <Cdtr><Nm>MUSIQUES TANGENTES</Nm></Cdtr>
      <CdtrAcct><Id><IBAN>FR7642559000052102737870703</IBAN></Id></CdtrAcct>
      <CdtrAgt><FinInstnId><BIC>CCOPFRPPXXX</BIC></FinInstnId></CdtrAgt>
      <CdtrSchmeId><Id><PrvtId><Othr><Id>FR68ZZZ000144</Id><SchmeNm><Prtry>SEPA</Prtry></SchmeNm></Othr></PrvtId></Id></CdtrSchmeId>
      <DrctDbtTxInf>
        <PmtId><EndToEndId>1IYN8M3VML2EB</EndToEndId></PmtId>
        <InstdAmt Ccy="EUR">311.85</InstdAmt>
        <DrctDbtTx><MndtRltdInf><MndtId>M0932615163 150213 166</MndtId><DtOfSgntr>2013-02-15</DtOfSgntr><AmdmntInd>false</AmdmntInd></MndtRltdInf></DrctDbtTx>
        <DbtrAgt><FinInstnId><BIC>SOGEFRPP</BIC></FinInstnId></DbtrAgt>
        <Dbtr><Nm>ALOUIS</Nm></Dbtr>
        <DbtrAcct><Id><IBAN>FR7630003035470005072512177</IBAN></Id></DbtrAcct>
        <RmtInf><Ustrd>COTIS MT 2013-2014 avr.</Ustrd></RmtInf>
      </DrctDbtTxInf>
      <DrctDbtTxInf>
        <PmtId><EndToEndId>1HRJRWT0YV6UD</EndToEndId></PmtId>
        <InstdAmt Ccy="EUR">48.60</InstdAmt>
        <DrctDbtTx><MndtRltdInf><MndtId>M0811665297 150214 4701</MndtId><DtOfSgntr>2014-02-15</DtOfSgntr><AmdmntInd>false</AmdmntInd></MndtRltdInf></DrctDbtTx>
        <DbtrAgt><FinInstnId><BIC>PSSTFRPPSCE</BIC></FinInstnId></DbtrAgt>
        <Dbtr><Nm>BILLON-GALLAND</Nm></Dbtr>
        <DbtrAcct><Id><IBAN>FR5120041010123075842X03363</IBAN></Id></DbtrAcct>
        <RmtInf><Ustrd>COTIS MT 2013-2014 avr.</Ustrd></RmtInf>
      </DrctDbtTxInf>
      <DrctDbtTxInf>
        <PmtId><EndToEndId>1IUVIPBBFCM5V</EndToEndId></PmtId>
        <InstdAmt Ccy="EUR">311.85</InstdAmt>
        <DrctDbtTx><MndtRltdInf><MndtId>M0264411757 150214 5275</MndtId><DtOfSgntr>2014-02-15</DtOfSgntr><AmdmntInd>false</AmdmntInd></MndtRltdInf></DrctDbtTx>
        <DbtrAgt><FinInstnId><BIC>CEPAFRPP751</BIC></FinInstnId></DbtrAgt>
        <Dbtr><Nm>SIMON</Nm></Dbtr>
        <DbtrAcct><Id><IBAN>FR7617515006000436805226481</IBAN></Id></DbtrAcct>
        <RmtInf><Ustrd>COTIS MT 2013-2014 avr.</Ustrd></RmtInf>
      </DrctDbtTxInf>
      <DrctDbtTxInf>
        <PmtId><EndToEndId>1JEW0YX0JGOYP</EndToEndId></PmtId>
        <InstdAmt Ccy="EUR">260.10</InstdAmt>
        <DrctDbtTx><MndtRltdInf><MndtId>M0129434806 150214 5360</MndtId><DtOfSgntr>2014-02-15</DtOfSgntr><AmdmntInd>false</AmdmntInd></MndtRltdInf></DrctDbtTx>
        <DbtrAgt><FinInstnId><Othr><Id>NOTPROVIDED</Id></Othr></FinInstnId></DbtrAgt>
        <Dbtr><Nm>MARTIN</Nm></Dbtr>
        <DbtrAcct><Id><IBAN>FR7612548029982487110150052</IBAN></Id></DbtrAcct>
        <RmtInf><Ustrd>COTIS MT 2013-2014 avr.</Ustrd></RmtInf>
      </DrctDbtTxInf>
      <DrctDbtTxInf>
        <PmtId><EndToEndId>R1CTAR3R386R</EndToEndId></PmtId>
        <InstdAmt Ccy="EUR">311.85</InstdAmt>
        <DrctDbtTx><MndtRltdInf><MndtId>M0611921557 150214 12985</MndtId><DtOfSgntr>2014-02-15</DtOfSgntr><AmdmntInd>false</AmdmntInd></MndtRltdInf></DrctDbtTx>
        <DbtrAgt><FinInstnId><BIC>BNPAFRPPVRS</BIC></FinInstnId></DbtrAgt>
        <Dbtr><Nm>LECAT</Nm></Dbtr>
        <DbtrAcct><Id><IBAN>FR7630004009150000679940227</IBAN></Id></DbtrAcct>
        <RmtInf><Ustrd>COTIS MT 2013-2014 avr.</Ustrd></RmtInf>
      </DrctDbtTxInf>
      <DrctDbtTxInf>
        <PmtId><EndToEndId>1H7OPMHO57G3B</EndToEndId></PmtId>
        <InstdAmt Ccy="EUR">311.85</InstdAmt>
        <DrctDbtTx><MndtRltdInf><MndtId>M1928346536 150214 13313</MndtId><DtOfSgntr>2014-02-15</DtOfSgntr><AmdmntInd>false</AmdmntInd></MndtRltdInf></DrctDbtTx>
        <DbtrAgt><FinInstnId><BIC>BNPAFRPPBBT</BIC></FinInstnId></DbtrAgt>
        <Dbtr><Nm>HUMBERT</Nm></Dbtr>
        <DbtrAcct><Id><IBAN>FR7630004015460000518882244</IBAN></Id></DbtrAcct>
        <RmtInf><Ustrd>COTIS MT 2013-2014 avr.</Ustrd></RmtInf>
      </DrctDbtTxInf>
      <DrctDbtTxInf>
        <PmtId><EndToEndId>VEVDIGZ201MG</EndToEndId></PmtId>
        <InstdAmt Ccy="EUR">48.60</InstdAmt>
        <DrctDbtTx><MndtRltdInf><MndtId>M0940536123 150214 13382</MndtId><DtOfSgntr>2014-02-15</DtOfSgntr><AmdmntInd>false</AmdmntInd></MndtRltdInf></DrctDbtTx>
        <DbtrAgt><FinInstnId><BIC>AGRIFRPP882</BIC></FinInstnId></DbtrAgt>
        <Dbtr><Nm>WELITZ</Nm></Dbtr>
        <DbtrAcct><Id><IBAN>FR7618206002632630090600134</IBAN></Id></DbtrAcct>
        <RmtInf><Ustrd>COTIS MT 2013-2014 avr.</Ustrd></RmtInf>
      </DrctDbtTxInf>
      <DrctDbtTxInf>
        <PmtId><EndToEndId>RHAJ0QRQDXYR</EndToEndId></PmtId>
        <InstdAmt Ccy="EUR">48.60</InstdAmt>
        <DrctDbtTx><MndtRltdInf><MndtId>M1373591937 150214 13860</MndtId><DtOfSgntr>2014-02-15</DtOfSgntr><AmdmntInd>false</AmdmntInd></MndtRltdInf></DrctDbtTx>
        <DbtrAgt><FinInstnId><BIC>SOGEFRPP</BIC></FinInstnId></DbtrAgt>
        <Dbtr><Nm>LE NGHIEM</Nm></Dbtr>
        <DbtrAcct><Id><IBAN>FR7630003033410005084731156</IBAN></Id></DbtrAcct>
        <RmtInf><Ustrd>COTIS MT 2013-2014 avr.</Ustrd></RmtInf>
      </DrctDbtTxInf>
      <DrctDbtTxInf>
        <PmtId><EndToEndId>SOEM997ZMCS5</EndToEndId></PmtId>
        <InstdAmt Ccy="EUR">379.80</InstdAmt>
        <DrctDbtTx><MndtRltdInf><MndtId>M0010118072 150214 14769</MndtId><DtOfSgntr>2014-02-15</DtOfSgntr><AmdmntInd>false</AmdmntInd></MndtRltdInf></DrctDbtTx>
        <DbtrAgt><FinInstnId><BIC>CRLYFRPP</BIC></FinInstnId></DbtrAgt>
        <Dbtr><Nm>SAUVAGE</Nm></Dbtr>
        <DbtrAcct><Id><IBAN>FR7730002005240000063386U31</IBAN></Id></DbtrAcct>
        <RmtInf><Ustrd>COTIS MT 2013-2014 avr.</Ustrd></RmtInf>
      </DrctDbtTxInf>
      <DrctDbtTxInf>
        <PmtId><EndToEndId>1JY4ZEQAOQD7Q</EndToEndId></PmtId>
        <InstdAmt Ccy="EUR">311.85</InstdAmt>
        <DrctDbtTx><MndtRltdInf><MndtId>M0934217302 150214 15707</MndtId><DtOfSgntr>2014-02-15</DtOfSgntr><AmdmntInd>false</AmdmntInd></MndtRltdInf></DrctDbtTx>
        <DbtrAgt><FinInstnId><BIC>CEPAFRPP751</BIC></FinInstnId></DbtrAgt>
        <Dbtr><Nm>AUVILLAIN</Nm></Dbtr>
        <DbtrAcct><Id><IBAN>FR7617515006000490116820786</IBAN></Id></DbtrAcct>
        <RmtInf><Ustrd>COTIS MT 2013-2014 avr.</Ustrd></RmtInf>
      </DrctDbtTxInf>
      <DrctDbtTxInf>
        <PmtId><EndToEndId>UBJLH5E0T25U</EndToEndId></PmtId>
        <InstdAmt Ccy="EUR">311.85</InstdAmt>
        <DrctDbtTx><MndtRltdInf><MndtId>M1644341382 150214 15769</MndtId><DtOfSgntr>2014-02-15</DtOfSgntr><AmdmntInd>false</AmdmntInd></MndtRltdInf></DrctDbtTx>
        <DbtrAgt><FinInstnId><BIC>CCBPFRPPMTG</BIC></FinInstnId></DbtrAgt>
        <Dbtr><Nm>MOISSARD</Nm></Dbtr>
        <DbtrAcct><Id><IBAN>FR7610207000240412409937587</IBAN></Id></DbtrAcct>
        <RmtInf><Ustrd>COTIS MT 2013-2014 avr.</Ustrd></RmtInf>
      </DrctDbtTxInf>
      <DrctDbtTxInf>
        <PmtId><EndToEndId>SL90CRIXLE90</EndToEndId></PmtId>
        <InstdAmt Ccy="EUR">566.55</InstdAmt>
        <DrctDbtTx><MndtRltdInf><MndtId>M1930181216 150214 15782</MndtId><DtOfSgntr>2014-02-15</DtOfSgntr><AmdmntInd>false</AmdmntInd></MndtRltdInf></DrctDbtTx>
        <DbtrAgt><FinInstnId><BIC>AGRIFRPP882</BIC></FinInstnId></DbtrAgt>
        <Dbtr><Nm>GUYARD</Nm></Dbtr>
        <DbtrAcct><Id><IBAN>FR7618206002633233382700176</IBAN></Id></DbtrAcct>
        <RmtInf><Ustrd>COTIS MT 2013-2014 avr.</Ustrd></RmtInf>
      </DrctDbtTxInf>
      <DrctDbtTxInf>
        <PmtId><EndToEndId>QXYWRZIN0E3M</EndToEndId></PmtId>
        <InstdAmt Ccy="EUR">48.60</InstdAmt>
        <DrctDbtTx><MndtRltdInf><MndtId>M0682620308 150214 16032</MndtId><DtOfSgntr>2014-02-15</DtOfSgntr><AmdmntInd>false</AmdmntInd></MndtRltdInf></DrctDbtTx>
        <DbtrAgt><FinInstnId><BIC>AGRIFRPP882</BIC></FinInstnId></DbtrAgt>
        <Dbtr><Nm>GILBERT</Nm></Dbtr>
        <DbtrAcct><Id><IBAN>FR7618206002633065818000178</IBAN></Id></DbtrAcct>
        <RmtInf><Ustrd>COTIS MT 2013-2014 avr.</Ustrd></RmtInf>
      </DrctDbtTxInf>
      <DrctDbtTxInf>
        <PmtId><EndToEndId>1HRPAOME52ESI</EndToEndId></PmtId>
        <InstdAmt Ccy="EUR">204.30</InstdAmt>
        <DrctDbtTx><MndtRltdInf><MndtId>M1048580015 150214 16333</MndtId><DtOfSgntr>2014-02-15</DtOfSgntr><AmdmntInd>false</AmdmntInd></MndtRltdInf></DrctDbtTx>
        <DbtrAgt><FinInstnId><BIC>BNPAFRPPVRS</BIC></FinInstnId></DbtrAgt>
        <Dbtr><Nm>THEOBALD</Nm></Dbtr>
        <DbtrAcct><Id><IBAN>FR7630004008040000706728636</IBAN></Id></DbtrAcct>
        <RmtInf><Ustrd>COTIS MT 2013-2014 avr.</Ustrd></RmtInf>
      </DrctDbtTxInf>
      <DrctDbtTxInf>
        <PmtId><EndToEndId>QHTCVL6EYNU8</EndToEndId></PmtId>
        <InstdAmt Ccy="EUR">48.60</InstdAmt>
        <DrctDbtTx><MndtRltdInf><MndtId>M0942039090 150214 16347</MndtId><DtOfSgntr>2014-02-15</DtOfSgntr><AmdmntInd>false</AmdmntInd></MndtRltdInf></DrctDbtTx>
        <DbtrAgt><FinInstnId><BIC>CCBPFRPPMTG</BIC></FinInstnId></DbtrAgt>
        <Dbtr><Nm>GARNIER</Nm></Dbtr>
        <DbtrAcct><Id><IBAN>FR7610207000242019891460207</IBAN></Id></DbtrAcct>
        <RmtInf><Ustrd>COTIS MT 2013-2014 avr.</Ustrd></RmtInf>
      </DrctDbtTxInf>
      <DrctDbtTxInf>
        <PmtId><EndToEndId>QDTAHDB3LDTJ</EndToEndId></PmtId>
        <InstdAmt Ccy="EUR">155.70</InstdAmt>
        <DrctDbtTx><MndtRltdInf><MndtId>M0886255041 150214 16510</MndtId><DtOfSgntr>2014-02-15</DtOfSgntr><AmdmntInd>false</AmdmntInd></MndtRltdInf></DrctDbtTx>
        <DbtrAgt><FinInstnId><BIC>PSSTFRPPSCE</BIC></FinInstnId></DbtrAgt>
        <Dbtr><Nm>GIREAUD</Nm></Dbtr>
        <DbtrAcct><Id><IBAN>FR2920041010123083036S03381</IBAN></Id></DbtrAcct>
        <RmtInf><Ustrd>COTIS MT 2013-2014 avr.</Ustrd></RmtInf>
      </DrctDbtTxInf>
      <DrctDbtTxInf>
        <PmtId><EndToEndId>SOK5F3QGHVSI</EndToEndId></PmtId>
        <InstdAmt Ccy="EUR">48.60</InstdAmt>
        <DrctDbtTx><MndtRltdInf><MndtId>M1286495519 150214 16548</MndtId><DtOfSgntr>2014-02-15</DtOfSgntr><AmdmntInd>false</AmdmntInd></MndtRltdInf></DrctDbtTx>
        <DbtrAgt><FinInstnId><BIC>PSSTFRPPPAR</BIC></FinInstnId></DbtrAgt>
        <Dbtr><Nm>VENDEMBILQUE</Nm></Dbtr>
        <DbtrAcct><Id><IBAN>FR9020041000012157509Z02097</IBAN></Id></DbtrAcct>
        <RmtInf><Ustrd>COTIS MT 2013-2014 avr.</Ustrd></RmtInf>
      </DrctDbtTxInf>
      <DrctDbtTxInf>
        <PmtId><EndToEndId>1K1X8QBZP9MXT</EndToEndId></PmtId>
        <InstdAmt Ccy="EUR">379.80</InstdAmt>
        <DrctDbtTx><MndtRltdInf><MndtId>M1474427572 150214 16618</MndtId><DtOfSgntr>2014-02-15</DtOfSgntr><AmdmntInd>false</AmdmntInd></MndtRltdInf></DrctDbtTx>
        <DbtrAgt><FinInstnId><BIC>BNPAFRPPMAS</BIC></FinInstnId></DbtrAgt>
        <Dbtr><Nm>BROUTIN</Nm></Dbtr>
        <DbtrAcct><Id><IBAN>FR7630004016060000006886147</IBAN></Id></DbtrAcct>
        <RmtInf><Ustrd>COTIS MT 2013-2014 avr.</Ustrd></RmtInf>
      </DrctDbtTxInf>
      <DrctDbtTxInf>
        <PmtId><EndToEndId>1HV60JAO8X646</EndToEndId></PmtId>
        <InstdAmt Ccy="EUR">685.35</InstdAmt>
        <DrctDbtTx><MndtRltdInf><MndtId>M2094933549 150214 16675</MndtId><DtOfSgntr>2014-02-15</DtOfSgntr><AmdmntInd>false</AmdmntInd></MndtRltdInf></DrctDbtTx>
        <DbtrAgt><FinInstnId><BIC>AGRIFRPP882</BIC></FinInstnId></DbtrAgt>
        <Dbtr><Nm>WETZEL</Nm></Dbtr>
        <DbtrAcct><Id><IBAN>FR7618206002632838624300157</IBAN></Id></DbtrAcct>
        <RmtInf><Ustrd>COTIS MT 2013-2014 avr.</Ustrd></RmtInf>
      </DrctDbtTxInf>
      <DrctDbtTxInf>
        <PmtId><EndToEndId>QHTDLCXL87JK</EndToEndId></PmtId>
        <InstdAmt Ccy="EUR">204.30</InstdAmt>
        <DrctDbtTx><MndtRltdInf><MndtId>M1304333866 150214 16845</MndtId><DtOfSgntr>2014-02-15</DtOfSgntr><AmdmntInd>false</AmdmntInd></MndtRltdInf></DrctDbtTx>
        <DbtrAgt><FinInstnId><BIC>CMCIFR2A</BIC></FinInstnId></DbtrAgt>
        <Dbtr><Nm>TROUILLARD</Nm></Dbtr>
        <DbtrAcct><Id><IBAN>FR7610278060560002007510174</IBAN></Id></DbtrAcct>
        <RmtInf><Ustrd>COTIS MT 2013-2014 avr.</Ustrd></RmtInf>
      </DrctDbtTxInf>
      <DrctDbtTxInf>
        <PmtId><EndToEndId>R1CUGUG1BUID</EndToEndId></PmtId>
        <InstdAmt Ccy="EUR">311.85</InstdAmt>
        <DrctDbtTx><MndtRltdInf><MndtId>M0063278793 150214 16880</MndtId><DtOfSgntr>2014-02-15</DtOfSgntr><AmdmntInd>false</AmdmntInd></MndtRltdInf></DrctDbtTx>
        <DbtrAgt><FinInstnId><BIC>SOGEFRPP</BIC></FinInstnId></DbtrAgt>
        <Dbtr><Nm>ROQUET</Nm></Dbtr>
        <DbtrAcct><Id><IBAN>FR7630003031510005084056267</IBAN></Id></DbtrAcct>
        <RmtInf><Ustrd>COTIS MT 2013-2014 avr.</Ustrd></RmtInf>
      </DrctDbtTxInf>
      <DrctDbtTxInf>
        <PmtId><EndToEndId>UBLVS9NMNYHX</EndToEndId></PmtId>
        <InstdAmt Ccy="EUR">446.85</InstdAmt>
        <DrctDbtTx><MndtRltdInf><MndtId>M1856296657 150214 16933</MndtId><DtOfSgntr>2014-02-15</DtOfSgntr><AmdmntInd>false</AmdmntInd></MndtRltdInf></DrctDbtTx>
        <DbtrAgt><FinInstnId><BIC>SOGEFRPP</BIC></FinInstnId></DbtrAgt>
        <Dbtr><Nm>TAILLADE</Nm></Dbtr>
        <DbtrAcct><Id><IBAN>FR7630003038510005108816075</IBAN></Id></DbtrAcct>
        <RmtInf><Ustrd>COTIS MT 2013-2014 avr.</Ustrd></RmtInf>
      </DrctDbtTxInf>
      <DrctDbtTxInf>
        <PmtId><EndToEndId>QDVK0FQPPDTJ</EndToEndId></PmtId>
        <InstdAmt Ccy="EUR">311.85</InstdAmt>
        <DrctDbtTx><MndtRltdInf><MndtId>M0899066165 150214 17038</MndtId><DtOfSgntr>2014-02-15</DtOfSgntr><AmdmntInd>false</AmdmntInd></MndtRltdInf></DrctDbtTx>
        <DbtrAgt><FinInstnId><BIC>SOGEFRPP</BIC></FinInstnId></DbtrAgt>
        <Dbtr><Nm>DUVAL</Nm></Dbtr>
        <DbtrAcct><Id><IBAN>FR7630003038420005027055977</IBAN></Id></DbtrAcct>
        <RmtInf><Ustrd>COTIS MT 2013-2014 avr.</Ustrd></RmtInf>
      </DrctDbtTxInf>
      <DrctDbtTxInf>
        <PmtId><EndToEndId>RKZJ10UEJU46</EndToEndId></PmtId>
        <InstdAmt Ccy="EUR">311.85</InstdAmt>
        <DrctDbtTx><MndtRltdInf><MndtId>M2068016684 150214 17064</MndtId><DtOfSgntr>2014-02-15</DtOfSgntr><AmdmntInd>false</AmdmntInd></MndtRltdInf></DrctDbtTx>
        <DbtrAgt><FinInstnId><BIC>CMCIFRPP</BIC></FinInstnId></DbtrAgt>
        <Dbtr><Nm>DUCROCQ</Nm></Dbtr>
        <DbtrAcct><Id><IBAN>FR7630066101020001009130140</IBAN></Id></DbtrAcct>
        <RmtInf><Ustrd>COTIS MT 2013-2014 avr.</Ustrd></RmtInf>
      </DrctDbtTxInf>
      <DrctDbtTxInf>
        <PmtId><EndToEndId>1IEXSLSAIYN1S</EndToEndId></PmtId>
        <InstdAmt Ccy="EUR">118.80</InstdAmt>
        <DrctDbtTx><MndtRltdInf><MndtId>M1612218879 150214 17152</MndtId><DtOfSgntr>2014-02-15</DtOfSgntr><AmdmntInd>false</AmdmntInd></MndtRltdInf></DrctDbtTx>
        <DbtrAgt><FinInstnId><Othr><Id>NOTPROVIDED</Id></Othr></FinInstnId></DbtrAgt>
        <Dbtr><Nm>BOUE</Nm></Dbtr>
        <DbtrAcct><Id><IBAN>FR7612548029981528540151066</IBAN></Id></DbtrAcct>
        <RmtInf><Ustrd>COTIS MT 2013-2014 avr.</Ustrd></RmtInf>
      </DrctDbtTxInf>
      <DrctDbtTxInf>
        <PmtId><EndToEndId>1K201OFHP9BOM</EndToEndId></PmtId>
        <InstdAmt Ccy="EUR">446.85</InstdAmt>
        <DrctDbtTx><MndtRltdInf><MndtId>M1329344446 150214 17543</MndtId><DtOfSgntr>2014-02-15</DtOfSgntr><AmdmntInd>false</AmdmntInd></MndtRltdInf></DrctDbtTx>
        <DbtrAgt><FinInstnId><BIC>CRLYFRPP</BIC></FinInstnId></DbtrAgt>
        <Dbtr><Nm>CATALA</Nm></Dbtr>
        <DbtrAcct><Id><IBAN>FR6530002030410000003356X95</IBAN></Id></DbtrAcct>
        <RmtInf><Ustrd>COTIS MT 2013-2014 avr.</Ustrd></RmtInf>
      </DrctDbtTxInf>
      <DrctDbtTxInf>
        <PmtId><EndToEndId>VF0X4XAU2VJR</EndToEndId></PmtId>
        <InstdAmt Ccy="EUR">379.80</InstdAmt>
        <DrctDbtTx><MndtRltdInf><MndtId>M0834778890 150214 17589</MndtId><DtOfSgntr>2014-02-15</DtOfSgntr><AmdmntInd>false</AmdmntInd></MndtRltdInf></DrctDbtTx>
        <DbtrAgt><FinInstnId><BIC>SOGEFRPP</BIC></FinInstnId></DbtrAgt>
        <Dbtr><Nm>SIMONNET</Nm></Dbtr>
        <DbtrAcct><Id><IBAN>FR7630003022060005010571602</IBAN></Id></DbtrAcct>
        <RmtInf><Ustrd>COTIS MT 2013-2014 avr.</Ustrd></RmtInf>
      </DrctDbtTxInf>
      <DrctDbtTxInf>
        <PmtId><EndToEndId>1HR5DVJ33PXKH</EndToEndId></PmtId>
        <InstdAmt Ccy="EUR">48.60</InstdAmt>
        <DrctDbtTx><MndtRltdInf><MndtId>M2082538860 150214 17616</MndtId><DtOfSgntr>2014-02-15</DtOfSgntr><AmdmntInd>false</AmdmntInd></MndtRltdInf></DrctDbtTx>
        <DbtrAgt><FinInstnId><BIC>CRLYFRPP</BIC></FinInstnId></DbtrAgt>
        <Dbtr><Nm>BOULOY</Nm></Dbtr>
        <DbtrAcct><Id><IBAN>FR3030002005670000045065E90</IBAN></Id></DbtrAcct>
        <RmtInf><Ustrd>COTIS MT 2013-2014 avr.</Ustrd></RmtInf>
      </DrctDbtTxInf>
      <DrctDbtTxInf>
        <PmtId><EndToEndId>1IAY52R6Z4GFS</EndToEndId></PmtId>
        <InstdAmt Ccy="EUR">48.60</InstdAmt>
        <DrctDbtTx><MndtRltdInf><MndtId>M0549503264 150214 17723</MndtId><DtOfSgntr>2014-02-15</DtOfSgntr><AmdmntInd>false</AmdmntInd></MndtRltdInf></DrctDbtTx>
        <DbtrAgt><FinInstnId><BIC>PSSRFRPPMON</BIC></FinInstnId></DbtrAgt>
        <Dbtr><Nm>EVEN</Nm></Dbtr>
        <DbtrAcct><Id><IBAN>FR2920041010090673963P03045</IBAN></Id></DbtrAcct>
        <RmtInf><Ustrd>COTIS MT 2013-2014 avr.</Ustrd></RmtInf>
      </DrctDbtTxInf>
      <DrctDbtTxInf>
        <PmtId><EndToEndId>1HVB2H1BS0LLW</EndToEndId></PmtId>
        <InstdAmt Ccy="EUR">260.10</InstdAmt>
        <DrctDbtTx><MndtRltdInf><MndtId>M0522501262 150214 17977</MndtId><DtOfSgntr>2014-02-15</DtOfSgntr><AmdmntInd>false</AmdmntInd></MndtRltdInf></DrctDbtTx>
        <DbtrAgt><FinInstnId><BIC>SOGEFRPP</BIC></FinInstnId></DbtrAgt>
        <Dbtr><Nm>ARZOUMANIAN</Nm></Dbtr>
        <DbtrAcct><Id><IBAN>FR7630003037400005029547788</IBAN></Id></DbtrAcct>
        <RmtInf><Ustrd>COTIS MT 2013-2014 avr.</Ustrd></RmtInf>
      </DrctDbtTxInf>
      <DrctDbtTxInf>
        <PmtId><EndToEndId>T4TEZSS8RPET</EndToEndId></PmtId>
        <InstdAmt Ccy="EUR">260.10</InstdAmt>
        <DrctDbtTx><MndtRltdInf><MndtId>M0689111060 150214 18028</MndtId><DtOfSgntr>2014-02-15</DtOfSgntr><AmdmntInd>false</AmdmntInd></MndtRltdInf></DrctDbtTx>
        <DbtrAgt><FinInstnId><BIC>AGRIFRPP882</BIC></FinInstnId></DbtrAgt>
        <Dbtr><Nm>HERVIANT</Nm></Dbtr>
        <DbtrAcct><Id><IBAN>FR7618206002634473491200143</IBAN></Id></DbtrAcct>
        <RmtInf><Ustrd>COTIS MT 2013-2014 avr.</Ustrd></RmtInf>
      </DrctDbtTxInf>
      <DrctDbtTxInf>
        <PmtId><EndToEndId>QE9E3MQMLX6A</EndToEndId></PmtId>
        <InstdAmt Ccy="EUR">118.80</InstdAmt>
        <DrctDbtTx><MndtRltdInf><MndtId>M1764025190 150214 18092</MndtId><DtOfSgntr>2014-02-15</DtOfSgntr><AmdmntInd>false</AmdmntInd></MndtRltdInf></DrctDbtTx>
        <DbtrAgt><FinInstnId><BIC>SOGEFRPP</BIC></FinInstnId></DbtrAgt>
        <Dbtr><Nm>LEVY</Nm></Dbtr>
        <DbtrAcct><Id><IBAN>FR7630003034600005061823888</IBAN></Id></DbtrAcct>
        <RmtInf><Ustrd>COTIS MT 2013-2014 avr.</Ustrd></RmtInf>
      </DrctDbtTxInf>
      <DrctDbtTxInf>
        <PmtId><EndToEndId>QDYSH0VQVY2H</EndToEndId></PmtId>
        <InstdAmt Ccy="EUR">379.80</InstdAmt>
        <DrctDbtTx><MndtRltdInf><MndtId>M2070565765 150214 18101</MndtId><DtOfSgntr>2014-02-15</DtOfSgntr><AmdmntInd>false</AmdmntInd></MndtRltdInf></DrctDbtTx>
        <DbtrAgt><FinInstnId><BIC>CRLYFRPP</BIC></FinInstnId></DbtrAgt>
        <Dbtr><Nm>AUCLAIR</Nm></Dbtr>
        <DbtrAcct><Id><IBAN>FR8530002089460000010265K18</IBAN></Id></DbtrAcct>
        <RmtInf><Ustrd>COTIS MT 2013-2014 avr.</Ustrd></RmtInf>
      </DrctDbtTxInf>
      <DrctDbtTxInf>
        <PmtId><EndToEndId>1IYKJVULLBEB5</EndToEndId></PmtId>
        <InstdAmt Ccy="EUR">441.90</InstdAmt>
        <DrctDbtTx><MndtRltdInf><MndtId>M1968344102 150214 18160</MndtId><DtOfSgntr>2014-02-15</DtOfSgntr><AmdmntInd>false</AmdmntInd></MndtRltdInf></DrctDbtTx>
        <DbtrAgt><FinInstnId><Othr><Id>NOTPROVIDED</Id></Othr></FinInstnId></DbtrAgt>
        <Dbtr><Nm>BOILOT</Nm></Dbtr>
        <DbtrAcct><Id><IBAN>FR7630004008740000120553288</IBAN></Id></DbtrAcct>
        <RmtInf><Ustrd>COTIS MT 2013-2014 avr.</Ustrd></RmtInf>
      </DrctDbtTxInf>
      <DrctDbtTxInf>
        <PmtId><EndToEndId>U8ARCSAPWRP2</EndToEndId></PmtId>
        <InstdAmt Ccy="EUR">566.55</InstdAmt>
        <DrctDbtTx><MndtRltdInf><MndtId>M0410872341 150214 18237</MndtId><DtOfSgntr>2014-02-15</DtOfSgntr><AmdmntInd>false</AmdmntInd></MndtRltdInf></DrctDbtTx>
        <DbtrAgt><FinInstnId><BIC>PSSTFRPPPAR</BIC></FinInstnId></DbtrAgt>
        <Dbtr><Nm>REQUENA</Nm></Dbtr>
        <DbtrAcct><Id><IBAN>FR8720041000016307762U02056</IBAN></Id></DbtrAcct>
        <RmtInf><Ustrd>COTIS MT 2013-2014 avr.</Ustrd></RmtInf>
      </DrctDbtTxInf>
      <DrctDbtTxInf>
        <PmtId><EndToEndId>URXXXALM4JLD</EndToEndId></PmtId>
        <InstdAmt Ccy="EUR">446.85</InstdAmt>
        <DrctDbtTx><MndtRltdInf><MndtId>M0746420523 150214 18436</MndtId><DtOfSgntr>2014-02-15</DtOfSgntr><AmdmntInd>false</AmdmntInd></MndtRltdInf></DrctDbtTx>
        <DbtrAgt><FinInstnId><BIC>SOGEFRPP</BIC></FinInstnId></DbtrAgt>
        <Dbtr><Nm>BEDIER</Nm></Dbtr>
        <DbtrAcct><Id><IBAN>FR7630003038900005039666324</IBAN></Id></DbtrAcct>
        <RmtInf><Ustrd>COTIS MT 2013-2014 avr.</Ustrd></RmtInf>
      </DrctDbtTxInf>
      <DrctDbtTxInf>
        <PmtId><EndToEndId>T4NVWIOISVUE</EndToEndId></PmtId>
        <InstdAmt Ccy="EUR">254.70</InstdAmt>
        <DrctDbtTx><MndtRltdInf><MndtId>M1883013489 150214 18488</MndtId><DtOfSgntr>2014-02-15</DtOfSgntr><AmdmntInd>false</AmdmntInd></MndtRltdInf></DrctDbtTx>
        <DbtrAgt><FinInstnId><BIC>PSSTFRPPPAR</BIC></FinInstnId></DbtrAgt>
        <Dbtr><Nm>LAMANT</Nm></Dbtr>
        <DbtrAcct><Id><IBAN>FR2520041000011101094X02050</IBAN></Id></DbtrAcct>
        <RmtInf><Ustrd>COTIS MT 2013-2014 avr.</Ustrd></RmtInf>
      </DrctDbtTxInf>
      <DrctDbtTxInf>
        <PmtId><EndToEndId>QE9WQF9WFAZO</EndToEndId></PmtId>
        <InstdAmt Ccy="EUR">379.80</InstdAmt>
        <DrctDbtTx><MndtRltdInf><MndtId>M0329887220 150214 18533</MndtId><DtOfSgntr>2014-02-15</DtOfSgntr><AmdmntInd>false</AmdmntInd></MndtRltdInf></DrctDbtTx>
        <DbtrAgt><FinInstnId><BIC>BNPAFRPPVRS</BIC></FinInstnId></DbtrAgt>
        <Dbtr><Nm>PIERSON</Nm></Dbtr>
        <DbtrAcct><Id><IBAN>FR7630004015330000099433487</IBAN></Id></DbtrAcct>
        <RmtInf><Ustrd>COTIS MT 2013-2014 avr.</Ustrd></RmtInf>
      </DrctDbtTxInf>
      <DrctDbtTxInf>
        <PmtId><EndToEndId>R1L79TPWUX4J</EndToEndId></PmtId>
        <InstdAmt Ccy="EUR">311.85</InstdAmt>
        <DrctDbtTx><MndtRltdInf><MndtId>M0608070926 150214 18537</MndtId><DtOfSgntr>2014-02-15</DtOfSgntr><AmdmntInd>false</AmdmntInd></MndtRltdInf></DrctDbtTx>
        <DbtrAgt><FinInstnId><BIC>BNPAFRPPDEF</BIC></FinInstnId></DbtrAgt>
        <Dbtr><Nm>ROSSET</Nm></Dbtr>
        <DbtrAcct><Id><IBAN>FR7630004013280000159963204</IBAN></Id></DbtrAcct>
        <RmtInf><Ustrd>COTIS MT 2013-2014 avr.</Ustrd></RmtInf>
      </DrctDbtTxInf>
      <DrctDbtTxInf>
        <PmtId><EndToEndId>QDYBPP81DJCN</EndToEndId></PmtId>
        <InstdAmt Ccy="EUR">566.55</InstdAmt>
        <DrctDbtTx><MndtRltdInf><MndtId>M0694805082 150214 18547</MndtId><DtOfSgntr>2014-02-15</DtOfSgntr><AmdmntInd>false</AmdmntInd></MndtRltdInf></DrctDbtTx>
        <DbtrAgt><FinInstnId><BIC>CMBRFR2BARK</BIC></FinInstnId></DbtrAgt>
        <Dbtr><Nm>PIEL</Nm></Dbtr>
        <DbtrAcct><Id><IBAN>FR7615589351780034062094150</IBAN></Id></DbtrAcct>
        <RmtInf><Ustrd>COTIS MT 2013-2014 avr.</Ustrd></RmtInf>
      </DrctDbtTxInf>
      <DrctDbtTxInf>
        <PmtId><EndToEndId>1IB8R11ML6H4I</EndToEndId></PmtId>
        <InstdAmt Ccy="EUR">566.55</InstdAmt>
        <DrctDbtTx><MndtRltdInf><MndtId>M1074366346 150214 18587</MndtId><DtOfSgntr>2014-02-15</DtOfSgntr><AmdmntInd>false</AmdmntInd></MndtRltdInf></DrctDbtTx>
        <DbtrAgt><FinInstnId><BIC>SOGEFRPP</BIC></FinInstnId></DbtrAgt>
        <Dbtr><Nm>HARIR-FOROUCH</Nm></Dbtr>
        <DbtrAcct><Id><IBAN>FR7630003031220005005850064</IBAN></Id></DbtrAcct>
        <RmtInf><Ustrd>COTIS MT 2013-2014 avr.</Ustrd></RmtInf>
      </DrctDbtTxInf>
      <DrctDbtTxInf>
        <PmtId><EndToEndId>1H7FUT4UQV41E</EndToEndId></PmtId>
        <InstdAmt Ccy="EUR">311.85</InstdAmt>
        <DrctDbtTx><MndtRltdInf><MndtId>M1562411315 150214 18607</MndtId><DtOfSgntr>2014-02-15</DtOfSgntr><AmdmntInd>false</AmdmntInd></MndtRltdInf></DrctDbtTx>
        <DbtrAgt><FinInstnId><BIC>AGRIFRPP882</BIC></FinInstnId></DbtrAgt>
        <Dbtr><Nm>BATIQUE</Nm></Dbtr>
        <DbtrAcct><Id><IBAN>FR7618206003662912886200170</IBAN></Id></DbtrAcct>
        <RmtInf><Ustrd>COTIS MT 2013-2014 avr.</Ustrd></RmtInf>
      </DrctDbtTxInf>
      <DrctDbtTxInf>
        <PmtId><EndToEndId>1JY276EXSMKHD</EndToEndId></PmtId>
        <InstdAmt Ccy="EUR">204.30</InstdAmt>
        <DrctDbtTx><MndtRltdInf><MndtId>M2003166422 150214 18620</MndtId><DtOfSgntr>2014-02-15</DtOfSgntr><AmdmntInd>false</AmdmntInd></MndtRltdInf></DrctDbtTx>
        <DbtrAgt><FinInstnId><BIC>CRLYFRPP</BIC></FinInstnId></DbtrAgt>
        <Dbtr><Nm>COLLARD</Nm></Dbtr>
        <DbtrAcct><Id><IBAN>FR8630002079330000018776u49</IBAN></Id></DbtrAcct>
        <RmtInf><Ustrd>COTIS MT 2013-2014 avr.</Ustrd></RmtInf>
      </DrctDbtTxInf>
      <DrctDbtTxInf>
        <PmtId><EndToEndId>U8APT1O2692B</EndToEndId></PmtId>
        <InstdAmt Ccy="EUR">311.85</InstdAmt>
        <DrctDbtTx><MndtRltdInf><MndtId>M0185107303 150214 18687</MndtId><DtOfSgntr>2014-02-15</DtOfSgntr><AmdmntInd>false</AmdmntInd></MndtRltdInf></DrctDbtTx>
        <DbtrAgt><FinInstnId><BIC>BNPAFRPPBBT</BIC></FinInstnId></DbtrAgt>
        <Dbtr><Nm>PIERRE</Nm></Dbtr>
        <DbtrAcct><Id><IBAN>FR7630004001620000179078733</IBAN></Id></DbtrAcct>
        <RmtInf><Ustrd>COTIS MT 2013-2014 avr.</Ustrd></RmtInf>
      </DrctDbtTxInf>
      <DrctDbtTxInf>
        <PmtId><EndToEndId>T4QODU16OTA0</EndToEndId></PmtId>
        <InstdAmt Ccy="EUR">311.85</InstdAmt>
        <DrctDbtTx><MndtRltdInf><MndtId>M1883729591 150214 18983</MndtId><DtOfSgntr>2014-02-15</DtOfSgntr><AmdmntInd>false</AmdmntInd></MndtRltdInf></DrctDbtTx>
        <DbtrAgt><FinInstnId><Othr><Id>NOTPROVIDED</Id></Othr></FinInstnId></DbtrAgt>
        <Dbtr><Nm>FAIRHEAD</Nm></Dbtr>
        <DbtrAcct><Id><IBAN>FR7630066105810001009900119</IBAN></Id></DbtrAcct>
        <RmtInf><Ustrd>COTIS MT 2013-2014 avr.</Ustrd></RmtInf>
      </DrctDbtTxInf>
      <DrctDbtTxInf>
        <PmtId><EndToEndId>1K1ZK2EVO2N91</EndToEndId></PmtId>
        <InstdAmt Ccy="EUR">311.85</InstdAmt>
        <DrctDbtTx><MndtRltdInf><MndtId>M0545367161 150214 19047</MndtId><DtOfSgntr>2014-02-15</DtOfSgntr><AmdmntInd>false</AmdmntInd></MndtRltdInf></DrctDbtTx>
        <DbtrAgt><FinInstnId><BIC>CCBPFRPPMTG</BIC></FinInstnId></DbtrAgt>
        <Dbtr><Nm>GERARD-HIRNE</Nm></Dbtr>
        <DbtrAcct><Id><IBAN>FR7610207000230412315383748</IBAN></Id></DbtrAcct>
        <RmtInf><Ustrd>COTIS MT 2013-2014 avr.</Ustrd></RmtInf>
      </DrctDbtTxInf>
      <DrctDbtTxInf>
        <PmtId><EndToEndId>1JYLK41LNSFNB</EndToEndId></PmtId>
        <InstdAmt Ccy="EUR">155.70</InstdAmt>
        <DrctDbtTx><MndtRltdInf><MndtId>M2064112574 150214 19164</MndtId><DtOfSgntr>2014-02-15</DtOfSgntr><AmdmntInd>false</AmdmntInd></MndtRltdInf></DrctDbtTx>
        <DbtrAgt><FinInstnId><Othr><Id>NOTPROVIDED</Id></Othr></FinInstnId></DbtrAgt>
        <Dbtr><Nm>SANDANAKRICHENANE</Nm></Dbtr>
        <DbtrAcct><Id><IBAN>FR7630004009950000009167731</IBAN></Id></DbtrAcct>
        <RmtInf><Ustrd>COTIS MT 2013-2014 avr.</Ustrd></RmtInf>
      </DrctDbtTxInf>
      <DrctDbtTxInf>
        <PmtId><EndToEndId>RHDSNH93S01G</EndToEndId></PmtId>
        <InstdAmt Ccy="EUR">311.85</InstdAmt>
        <DrctDbtTx><MndtRltdInf><MndtId>M0036265581 150214 19207</MndtId><DtOfSgntr>2014-02-15</DtOfSgntr><AmdmntInd>false</AmdmntInd></MndtRltdInf></DrctDbtTx>
        <DbtrAgt><FinInstnId><BIC>AGRIFRPP882</BIC></FinInstnId></DbtrAgt>
        <Dbtr><Nm>ARDISSON</Nm></Dbtr>
        <DbtrAcct><Id><IBAN>FR7618206003903900290200158</IBAN></Id></DbtrAcct>
        <RmtInf><Ustrd>COTIS MT 2013-2014 avr.</Ustrd></RmtInf>
      </DrctDbtTxInf>
      <DrctDbtTxInf>
        <PmtId><EndToEndId>TRZ57BEX5OWX</EndToEndId></PmtId>
        <InstdAmt Ccy="EUR">260.10</InstdAmt>
        <DrctDbtTx><MndtRltdInf><MndtId>M0466061520 150214 19250</MndtId><DtOfSgntr>2014-02-15</DtOfSgntr><AmdmntInd>false</AmdmntInd></MndtRltdInf></DrctDbtTx>
        <DbtrAgt><FinInstnId><BIC>CMCIFR2A</BIC></FinInstnId></DbtrAgt>
        <Dbtr><Nm>GAU</Nm></Dbtr>
        <DbtrAcct><Id><IBAN>FR7610278060720002072314082</IBAN></Id></DbtrAcct>
        <RmtInf><Ustrd>COTIS MT 2013-2014 avr.</Ustrd></RmtInf>
      </DrctDbtTxInf>
      <DrctDbtTxInf>
        <PmtId><EndToEndId>1JXZFEH5TU1Y9</EndToEndId></PmtId>
        <InstdAmt Ccy="EUR">566.55</InstdAmt>
        <DrctDbtTx><MndtRltdInf><MndtId>M1286979260 150214 19271</MndtId><DtOfSgntr>2014-02-15</DtOfSgntr><AmdmntInd>false</AmdmntInd></MndtRltdInf></DrctDbtTx>
        <DbtrAgt><FinInstnId><BIC>AGRIFRPP887</BIC></FinInstnId></DbtrAgt>
        <Dbtr><Nm>LENGAGNE</Nm></Dbtr>
        <DbtrAcct><Id><IBAN>FR7618706000006274950017673</IBAN></Id></DbtrAcct>
        <RmtInf><Ustrd>COTIS MT 2013-2014 avr.</Ustrd></RmtInf>
      </DrctDbtTxInf>
      <DrctDbtTxInf>
        <PmtId><EndToEndId>1JICUETV6WOKJ</EndToEndId></PmtId>
        <InstdAmt Ccy="EUR">118.80</InstdAmt>
        <DrctDbtTx><MndtRltdInf><MndtId>M0005288425 150214 19294</MndtId><DtOfSgntr>2014-02-15</DtOfSgntr><AmdmntInd>false</AmdmntInd></MndtRltdInf></DrctDbtTx>
        <DbtrAgt><FinInstnId><BIC>CMCIFRPP</BIC></FinInstnId></DbtrAgt>
        <Dbtr><Nm>NICOLE</Nm></Dbtr>
        <DbtrAcct><Id><IBAN>FR7610096182750002750570182</IBAN></Id></DbtrAcct>
        <RmtInf><Ustrd>COTIS MT 2013-2014 avr.</Ustrd></RmtInf>
      </DrctDbtTxInf>
      <DrctDbtTxInf>
        <PmtId><EndToEndId>T87E8U43I4A9</EndToEndId></PmtId>
        <InstdAmt Ccy="EUR">311.85</InstdAmt>
        <DrctDbtTx><MndtRltdInf><MndtId>M0840437532 150214 19360</MndtId><DtOfSgntr>2014-02-15</DtOfSgntr><AmdmntInd>false</AmdmntInd></MndtRltdInf></DrctDbtTx>
        <DbtrAgt><FinInstnId><BIC>PSSTFRPPPAR</BIC></FinInstnId></DbtrAgt>
        <Dbtr><Nm>FRILEUX</Nm></Dbtr>
        <DbtrAcct><Id><IBAN>FR0520041000015182992T02079</IBAN></Id></DbtrAcct>
        <RmtInf><Ustrd>COTIS MT 2013-2014 avr.</Ustrd></RmtInf>
      </DrctDbtTxInf>
      <DrctDbtTxInf>
        <PmtId><EndToEndId>1K2538CYXIER7</EndToEndId></PmtId>
        <InstdAmt Ccy="EUR">311.85</InstdAmt>
        <DrctDbtTx><MndtRltdInf><MndtId>M1672375411 150214 19368</MndtId><DtOfSgntr>2014-02-15</DtOfSgntr><AmdmntInd>false</AmdmntInd></MndtRltdInf></DrctDbtTx>
        <DbtrAgt><FinInstnId><BIC>PSSTFRPPPAR</BIC></FinInstnId></DbtrAgt>
        <Dbtr><Nm>LACOSTE</Nm></Dbtr>
        <DbtrAcct><Id><IBAN>FR2520041000011963312R02081</IBAN></Id></DbtrAcct>
        <RmtInf><Ustrd>COTIS MT 2013-2014 avr.</Ustrd></RmtInf>
      </DrctDbtTxInf>
      <DrctDbtTxInf>
        <PmtId><EndToEndId>TNZJPMO38UOZ</EndToEndId></PmtId>
        <InstdAmt Ccy="EUR">311.85</InstdAmt>
        <DrctDbtTx><MndtRltdInf><MndtId>M0260459330 150214 19382</MndtId><DtOfSgntr>2014-02-15</DtOfSgntr><AmdmntInd>false</AmdmntInd></MndtRltdInf></DrctDbtTx>
        <DbtrAgt><FinInstnId><BIC>AGRIFRPP882</BIC></FinInstnId></DbtrAgt>
        <Dbtr><Nm>CHAUVEHEID</Nm></Dbtr>
        <DbtrAcct><Id><IBAN>FR7618206002632630318700193</IBAN></Id></DbtrAcct>
        <RmtInf><Ustrd>COTIS MT 2013-2014 avr.</Ustrd></RmtInf>
      </DrctDbtTxInf>
      <DrctDbtTxInf>
        <PmtId><EndToEndId>S4RVQREV7SXK</EndToEndId></PmtId>
        <InstdAmt Ccy="EUR">311.85</InstdAmt>
        <DrctDbtTx><MndtRltdInf><MndtId>M1773417203 150214 19412</MndtId><DtOfSgntr>2014-02-15</DtOfSgntr><AmdmntInd>false</AmdmntInd></MndtRltdInf></DrctDbtTx>
        <DbtrAgt><FinInstnId><BIC>BNPAFRPPBBT</BIC></FinInstnId></DbtrAgt>
        <Dbtr><Nm>SAS</Nm></Dbtr>
        <DbtrAcct><Id><IBAN>FR7630004008360000011124957</IBAN></Id></DbtrAcct>
        <RmtInf><Ustrd>COTIS MT 2013-2014 avr.</Ustrd></RmtInf>
      </DrctDbtTxInf>
      <DrctDbtTxInf>
        <PmtId><EndToEndId>TOIEYEHBFQLD</EndToEndId></PmtId>
        <InstdAmt Ccy="EUR">260.10</InstdAmt>
        <DrctDbtTx><MndtRltdInf><MndtId>M0020172039 150214 19430</MndtId><DtOfSgntr>2014-02-15</DtOfSgntr><AmdmntInd>false</AmdmntInd></MndtRltdInf></DrctDbtTx>
        <DbtrAgt><FinInstnId><BIC>AGRIFRPP883</BIC></FinInstnId></DbtrAgt>
        <Dbtr><Nm>VERGRIETTE</Nm></Dbtr>
        <DbtrAcct><Id><IBAN>FR7618306000610525360800067</IBAN></Id></DbtrAcct>
        <RmtInf><Ustrd>COTIS MT 2013-2014 avr.</Ustrd></RmtInf>
      </DrctDbtTxInf>
      <DrctDbtTxInf>
        <PmtId><EndToEndId>VEVUCP8GWX82</EndToEndId></PmtId>
        <InstdAmt Ccy="EUR">254.70</InstdAmt>
        <DrctDbtTx><MndtRltdInf><MndtId>M0947494282 150214 19461</MndtId><DtOfSgntr>2014-02-15</DtOfSgntr><AmdmntInd>false</AmdmntInd></MndtRltdInf></DrctDbtTx>
        <DbtrAgt><FinInstnId><Othr><Id>NOTPROVIDED</Id></Othr></FinInstnId></DbtrAgt>
        <Dbtr><Nm>ROUQUETTE</Nm></Dbtr>
        <DbtrAcct><Id><IBAN>FR7611206201603541710072059</IBAN></Id></DbtrAcct>
        <RmtInf><Ustrd>COTIS MT 2013-2014 avr.</Ustrd></RmtInf>
      </DrctDbtTxInf>
      <DrctDbtTxInf>
        <PmtId><EndToEndId>1HBISVLLPFFAS</EndToEndId></PmtId>
        <InstdAmt Ccy="EUR">118.80</InstdAmt>
        <DrctDbtTx><MndtRltdInf><MndtId>M0019312020 150214 19507</MndtId><DtOfSgntr>2014-02-15</DtOfSgntr><AmdmntInd>false</AmdmntInd></MndtRltdInf></DrctDbtTx>
        <DbtrAgt><FinInstnId><BIC>AGRIFRPP882</BIC></FinInstnId></DbtrAgt>
        <Dbtr><Nm>COURBOIN</Nm></Dbtr>
        <DbtrAcct><Id><IBAN>FR7618206002634424533200190</IBAN></Id></DbtrAcct>
        <RmtInf><Ustrd>COTIS MT 2013-2014 avr.</Ustrd></RmtInf>
      </DrctDbtTxInf>
      <DrctDbtTxInf>
        <PmtId><EndToEndId>VB3JGPKKTUG5</EndToEndId></PmtId>
        <InstdAmt Ccy="EUR">571.95</InstdAmt>
        <DrctDbtTx><MndtRltdInf><MndtId>M1165599411 150214 19516</MndtId><DtOfSgntr>2014-02-15</DtOfSgntr><AmdmntInd>false</AmdmntInd></MndtRltdInf></DrctDbtTx>
        <DbtrAgt><FinInstnId><Othr><Id>NOTPROVIDED</Id></Othr></FinInstnId></DbtrAgt>
        <Dbtr><Nm>BAQUIAST</Nm></Dbtr>
        <DbtrAcct><Id><IBAN>FR7612548029983218420150002</IBAN></Id></DbtrAcct>
        <RmtInf><Ustrd>COTIS MT 2013-2014 avr.</Ustrd></RmtInf>
      </DrctDbtTxInf>
      <DrctDbtTxInf>
        <PmtId><EndToEndId>1JYOEJGIWQE77</EndToEndId></PmtId>
        <InstdAmt Ccy="EUR">311.85</InstdAmt>
        <DrctDbtTx><MndtRltdInf><MndtId>M0045847952 150214 19543</MndtId><DtOfSgntr>2014-02-15</DtOfSgntr><AmdmntInd>false</AmdmntInd></MndtRltdInf></DrctDbtTx>
        <DbtrAgt><FinInstnId><BIC>AGRIFRPP882</BIC></FinInstnId></DbtrAgt>
        <Dbtr><Nm>DE ROCQUIGNY</Nm></Dbtr>
        <DbtrAcct><Id><IBAN>FR7618206002635960232900180</IBAN></Id></DbtrAcct>
        <RmtInf><Ustrd>COTIS MT 2013-2014 avr.</Ustrd></RmtInf>
      </DrctDbtTxInf>
      <DrctDbtTxInf>
        <PmtId><EndToEndId>TO7DF1M1AR02</EndToEndId></PmtId>
        <InstdAmt Ccy="EUR">54.00</InstdAmt>
        <DrctDbtTx><MndtRltdInf><MndtId>M0170540304 150214 19769</MndtId><DtOfSgntr>2014-02-15</DtOfSgntr><AmdmntInd>false</AmdmntInd></MndtRltdInf></DrctDbtTx>
        <DbtrAgt><FinInstnId><BIC>SOGEFRPP</BIC></FinInstnId></DbtrAgt>
        <Dbtr><Nm>DUPRE</Nm></Dbtr>
        <DbtrAcct><Id><IBAN>FR7630003038930005066223909</IBAN></Id></DbtrAcct>
        <RmtInf><Ustrd>COTIS MT 2013-2014 avr.</Ustrd></RmtInf>
      </DrctDbtTxInf>
      <DrctDbtTxInf>
        <PmtId><EndToEndId>1JI282JXBUEEE</EndToEndId></PmtId>
        <InstdAmt Ccy="EUR">311.85</InstdAmt>
        <DrctDbtTx><MndtRltdInf><MndtId>M0367872660 150214 19853</MndtId><DtOfSgntr>2014-02-15</DtOfSgntr><AmdmntInd>false</AmdmntInd></MndtRltdInf></DrctDbtTx>
        <DbtrAgt><FinInstnId><BIC>AGRIFRPP891</BIC></FinInstnId></DbtrAgt>
        <Dbtr><Nm>ABECASSIS</Nm></Dbtr>
        <DbtrAcct><Id><IBAN>FR7619106006590051232001590</IBAN></Id></DbtrAcct>
        <RmtInf><Ustrd>COTIS MT 2013-2014 avr.</Ustrd></RmtInf>
      </DrctDbtTxInf>
      <DrctDbtTxInf>
        <PmtId><EndToEndId>T8CX0DA8CU3O</EndToEndId></PmtId>
        <InstdAmt Ccy="EUR">311.85</InstdAmt>
        <DrctDbtTx><MndtRltdInf><MndtId>M0378389002 150214 19860</MndtId><DtOfSgntr>2014-02-15</DtOfSgntr><AmdmntInd>false</AmdmntInd></MndtRltdInf></DrctDbtTx>
        <DbtrAgt><FinInstnId><BIC>AGRIFRPP824</BIC></FinInstnId></DbtrAgt>
        <Dbtr><Nm>VILDARY</Nm></Dbtr>
        <DbtrAcct><Id><IBAN>FR7612406001313112765190525</IBAN></Id></DbtrAcct>
        <RmtInf><Ustrd>COTIS MT 2013-2014 avr.</Ustrd></RmtInf>
      </DrctDbtTxInf>
      <DrctDbtTxInf>
        <PmtId><EndToEndId>1HUXOTPNG84MA</EndToEndId></PmtId>
        <InstdAmt Ccy="EUR">118.80</InstdAmt>
        <DrctDbtTx><MndtRltdInf><MndtId>M1919873863 150214 19874</MndtId><DtOfSgntr>2014-02-15</DtOfSgntr><AmdmntInd>false</AmdmntInd></MndtRltdInf></DrctDbtTx>
        <DbtrAgt><FinInstnId><BIC>CEPAFRPP751</BIC></FinInstnId></DbtrAgt>
        <Dbtr><Nm>RENERIC</Nm></Dbtr>
        <DbtrAcct><Id><IBAN>FR7617515006000488059935592</IBAN></Id></DbtrAcct>
        <RmtInf><Ustrd>COTIS MT 2013-2014 avr.</Ustrd></RmtInf>
      </DrctDbtTxInf>
      <DrctDbtTxInf>
        <PmtId><EndToEndId>URGU1VWTY3OY</EndToEndId></PmtId>
        <InstdAmt Ccy="EUR">335.73</InstdAmt>
        <DrctDbtTx><MndtRltdInf><MndtId>M0876416038 150214 19885</MndtId><DtOfSgntr>2014-02-15</DtOfSgntr><AmdmntInd>false</AmdmntInd></MndtRltdInf></DrctDbtTx>
        <DbtrAgt><FinInstnId><BIC>CMCIFR2A</BIC></FinInstnId></DbtrAgt>
        <Dbtr><Nm>PRESSAGER</Nm></Dbtr>
        <DbtrAcct><Id><IBAN>FR7610278049000003587130125</IBAN></Id></DbtrAcct>
        <RmtInf><Ustrd>COTIS MT 2013-2014 avr.</Ustrd></RmtInf>
      </DrctDbtTxInf>
      <DrctDbtTxInf>
        <PmtId><EndToEndId>RH8ANPP1YBZP</EndToEndId></PmtId>
        <InstdAmt Ccy="EUR">758.70</InstdAmt>
        <DrctDbtTx><MndtRltdInf><MndtId>M0315573427 150214 19896</MndtId><DtOfSgntr>2014-02-15</DtOfSgntr><AmdmntInd>false</AmdmntInd></MndtRltdInf></DrctDbtTx>
        <DbtrAgt><FinInstnId><BIC>AGRIFRPP882</BIC></FinInstnId></DbtrAgt>
        <Dbtr><Nm>GAUTIER</Nm></Dbtr>
        <DbtrAcct><Id><IBAN>FR7618206002193306014400121</IBAN></Id></DbtrAcct>
        <RmtInf><Ustrd>COTIS MT 2013-2014 avr.</Ustrd></RmtInf>
      </DrctDbtTxInf>
      <DrctDbtTxInf>
        <PmtId><EndToEndId>S4PLZ18VCB3T</EndToEndId></PmtId>
        <InstdAmt Ccy="EUR">118.80</InstdAmt>
        <DrctDbtTx><MndtRltdInf><MndtId>M1358875367 150214 19901</MndtId><DtOfSgntr>2014-02-15</DtOfSgntr><AmdmntInd>false</AmdmntInd></MndtRltdInf></DrctDbtTx>
        <DbtrAgt><FinInstnId><BIC>PREUFRP1XXX</BIC></FinInstnId></DbtrAgt>
        <Dbtr><Nm>CHASSAING</Nm></Dbtr>
        <DbtrAcct><Id><IBAN>FR7644319754780597910194074</IBAN></Id></DbtrAcct>
        <RmtInf><Ustrd>COTIS MT 2013-2014 avr.</Ustrd></RmtInf>
      </DrctDbtTxInf>
      <DrctDbtTxInf>
        <PmtId><EndToEndId>1IEXRF77KIGDI</EndToEndId></PmtId>
        <InstdAmt Ccy="EUR">118.80</InstdAmt>
        <DrctDbtTx><MndtRltdInf><MndtId>M1473355756 150214 19904</MndtId><DtOfSgntr>2014-02-15</DtOfSgntr><AmdmntInd>false</AmdmntInd></MndtRltdInf></DrctDbtTx>
        <DbtrAgt><FinInstnId><BIC>AGRIFRPP882</BIC></FinInstnId></DbtrAgt>
        <Dbtr><Nm>DEMOURES</Nm></Dbtr>
        <DbtrAcct><Id><IBAN>FR7618206002636024268499332</IBAN></Id></DbtrAcct>
        <RmtInf><Ustrd>COTIS MT 2013-2014 avr.</Ustrd></RmtInf>
      </DrctDbtTxInf>
      <DrctDbtTxInf>
        <PmtId><EndToEndId>T4VOIWSU18WX</EndToEndId></PmtId>
        <InstdAmt Ccy="EUR">311.85</InstdAmt>
        <DrctDbtTx><MndtRltdInf><MndtId>M0062841379 150214 19918</MndtId><DtOfSgntr>2014-02-15</DtOfSgntr><AmdmntInd>false</AmdmntInd></MndtRltdInf></DrctDbtTx>
        <DbtrAgt><FinInstnId><BIC>CCBPFRPPMTG</BIC></FinInstnId></DbtrAgt>
        <Dbtr><Nm>TURQUIER</Nm></Dbtr>
        <DbtrAcct><Id><IBAN>FR7610207000240412410617363</IBAN></Id></DbtrAcct>
        <RmtInf><Ustrd>COTIS MT 2013-2014 avr.</Ustrd></RmtInf>
      </DrctDbtTxInf>
      <DrctDbtTxInf>
        <PmtId><EndToEndId>1IBBIEWBC0F38</EndToEndId></PmtId>
        <InstdAmt Ccy="EUR">254.70</InstdAmt>
        <DrctDbtTx><MndtRltdInf><MndtId>M1412238197 150214 19922</MndtId><DtOfSgntr>2014-02-15</DtOfSgntr><AmdmntInd>false</AmdmntInd></MndtRltdInf></DrctDbtTx>
        <DbtrAgt><FinInstnId><BIC>CMCIFR2A</BIC></FinInstnId></DbtrAgt>
        <Dbtr><Nm>TROUILLARD</Nm></Dbtr>
        <DbtrAcct><Id><IBAN>FR7610278060560002007510174</IBAN></Id></DbtrAcct>
        <RmtInf><Ustrd>COTIS MT 2013-2014 avr.</Ustrd></RmtInf>
      </DrctDbtTxInf>
      <DrctDbtTxInf>
        <PmtId><EndToEndId>1JI4GA7NKWHTL</EndToEndId></PmtId>
        <InstdAmt Ccy="EUR">254.70</InstdAmt>
        <DrctDbtTx><MndtRltdInf><MndtId>M1322620057 150214 19924</MndtId><DtOfSgntr>2014-02-15</DtOfSgntr><AmdmntInd>false</AmdmntInd></MndtRltdInf></DrctDbtTx>
        <DbtrAgt><FinInstnId><BIC>CCBPFRPPMTG</BIC></FinInstnId></DbtrAgt>
        <Dbtr><Nm>ATHIEL</Nm></Dbtr>
        <DbtrAcct><Id><IBAN>FR7610207000040416007731713</IBAN></Id></DbtrAcct>
        <RmtInf><Ustrd>COTIS MT 2013-2014 avr.</Ustrd></RmtInf>
      </DrctDbtTxInf>
      <DrctDbtTxInf>
        <PmtId><EndToEndId>R179A3RAS9IO</EndToEndId></PmtId>
        <InstdAmt Ccy="EUR">441.90</InstdAmt>
        <DrctDbtTx><MndtRltdInf><MndtId>M0201483639 150214 19933</MndtId><DtOfSgntr>2014-02-15</DtOfSgntr><AmdmntInd>false</AmdmntInd></MndtRltdInf></DrctDbtTx>
        <DbtrAgt><FinInstnId><BIC>SOGEFRPP</BIC></FinInstnId></DbtrAgt>
        <Dbtr><Nm>DUCLOUX</Nm></Dbtr>
        <DbtrAcct><Id><IBAN>FR7630003005580005001209244</IBAN></Id></DbtrAcct>
        <RmtInf><Ustrd>COTIS MT 2013-2014 avr.</Ustrd></RmtInf>
      </DrctDbtTxInf>
      <DrctDbtTxInf>
        <PmtId><EndToEndId>1IEN87PW6SY0L</EndToEndId></PmtId>
        <InstdAmt Ccy="EUR">179.83</InstdAmt>
        <DrctDbtTx><MndtRltdInf><MndtId>M1782351080 150214 19935</MndtId><DtOfSgntr>2014-02-15</DtOfSgntr><AmdmntInd>false</AmdmntInd></MndtRltdInf></DrctDbtTx>
        <DbtrAgt><FinInstnId><BIC>CRLYFRPP</BIC></FinInstnId></DbtrAgt>
        <Dbtr><Nm>GHERBAN</Nm></Dbtr>
        <DbtrAcct><Id><IBAN>FR5330002005260000057639D42</IBAN></Id></DbtrAcct>
        <RmtInf><Ustrd>COTIS MT 2013-2014 avr.</Ustrd></RmtInf>
      </DrctDbtTxInf>
      <DrctDbtTxInf>
        <PmtId><EndToEndId>S18W4BPB8485</EndToEndId></PmtId>
        <InstdAmt Ccy="EUR">118.80</InstdAmt>
        <DrctDbtTx><MndtRltdInf><MndtId>M1921026098 150214 19946</MndtId><DtOfSgntr>2014-02-15</DtOfSgntr><AmdmntInd>false</AmdmntInd></MndtRltdInf></DrctDbtTx>
        <DbtrAgt><FinInstnId><BIC>CEPAFRPP751</BIC></FinInstnId></DbtrAgt>
        <Dbtr><Nm>TCHOUNGUI</Nm></Dbtr>
        <DbtrAcct><Id><IBAN>FR7617515900000460592182941</IBAN></Id></DbtrAcct>
        <RmtInf><Ustrd>COTIS MT 2013-2014 avr.</Ustrd></RmtInf>
      </DrctDbtTxInf>
      <DrctDbtTxInf>
        <PmtId><EndToEndId>TO4JDNU6OVUE</EndToEndId></PmtId>
        <InstdAmt Ccy="EUR">311.85</InstdAmt>
        <DrctDbtTx><MndtRltdInf><MndtId>M0455259927 150214 19952</MndtId><DtOfSgntr>2014-02-15</DtOfSgntr><AmdmntInd>false</AmdmntInd></MndtRltdInf></DrctDbtTx>
        <DbtrAgt><FinInstnId><BIC>CRLYFRPP</BIC></FinInstnId></DbtrAgt>
        <Dbtr><Nm>DE CARNE</Nm></Dbtr>
        <DbtrAcct><Id><IBAN>FR4530002004610000101571A35</IBAN></Id></DbtrAcct>
        <RmtInf><Ustrd>COTIS MT 2013-2014 avr.</Ustrd></RmtInf>
      </DrctDbtTxInf>
      <DrctDbtTxInf>
        <PmtId><EndToEndId>R1A28ATFDPO5</EndToEndId></PmtId>
        <InstdAmt Ccy="EUR">48.60</InstdAmt>
        <DrctDbtTx><MndtRltdInf><MndtId>M1205499493 150214 19988</MndtId><DtOfSgntr>2014-02-15</DtOfSgntr><AmdmntInd>false</AmdmntInd></MndtRltdInf></DrctDbtTx>
        <DbtrAgt><FinInstnId><BIC>PSSTFRPPSCE</BIC></FinInstnId></DbtrAgt>
        <Dbtr><Nm>FEINSON DESTOURS</Nm></Dbtr>
        <DbtrAcct><Id><IBAN>FR7020041010120634347Y03311</IBAN></Id></DbtrAcct>
        <RmtInf><Ustrd>COTIS MT 2013-2014 avr.</Ustrd></RmtInf>
      </DrctDbtTxInf>
      <DrctDbtTxInf>
        <PmtId><EndToEndId>VF9QB92DN391</EndToEndId></PmtId>
        <InstdAmt Ccy="EUR">254.70</InstdAmt>
        <DrctDbtTx><MndtRltdInf><MndtId>M2030758600 150214 19989</MndtId><DtOfSgntr>2014-02-15</DtOfSgntr><AmdmntInd>false</AmdmntInd></MndtRltdInf></DrctDbtTx>
        <DbtrAgt><FinInstnId><BIC>PSSTFRPPSCE</BIC></FinInstnId></DbtrAgt>
        <Dbtr><Nm>FOUASSIER</Nm></Dbtr>
        <DbtrAcct><Id><IBAN>FR0520041010124624992F03385</IBAN></Id></DbtrAcct>
        <RmtInf><Ustrd>COTIS MT 2013-2014 avr.</Ustrd></RmtInf>
      </DrctDbtTxInf>
      <DrctDbtTxInf>
        <PmtId><EndToEndId>UV8LG0L7EJW0</EndToEndId></PmtId>
        <InstdAmt Ccy="EUR">311.85</InstdAmt>
        <DrctDbtTx><MndtRltdInf><MndtId>M0967124800 150214 20025</MndtId><DtOfSgntr>2014-02-15</DtOfSgntr><AmdmntInd>false</AmdmntInd></MndtRltdInf></DrctDbtTx>
        <DbtrAgt><FinInstnId><BIC>CRLYFRPP</BIC></FinInstnId></DbtrAgt>
        <Dbtr><Nm>DULLIN</Nm></Dbtr>
        <DbtrAcct><Id><IBAN>FR7830002005500000067904N92</IBAN></Id></DbtrAcct>
        <RmtInf><Ustrd>COTIS MT 2013-2014 avr.</Ustrd></RmtInf>
      </DrctDbtTxInf>
      <DrctDbtTxInf>
        <PmtId><EndToEndId>QHTED0YXN1V8</EndToEndId></PmtId>
        <InstdAmt Ccy="EUR">118.80</InstdAmt>
        <DrctDbtTx><MndtRltdInf><MndtId>M0113853131 150214 20045</MndtId><DtOfSgntr>2014-02-15</DtOfSgntr><AmdmntInd>false</AmdmntInd></MndtRltdInf></DrctDbtTx>
        <DbtrAgt><FinInstnId><BIC>CRLYFRPP</BIC></FinInstnId></DbtrAgt>
        <Dbtr><Nm>BLANDEAU</Nm></Dbtr>
        <DbtrAcct><Id><IBAN>FR1730002008360000054169A76</IBAN></Id></DbtrAcct>
        <RmtInf><Ustrd>COTIS MT 2013-2014 avr.</Ustrd></RmtInf>
      </DrctDbtTxInf>
      <DrctDbtTxInf>
        <PmtId><EndToEndId>RHDBKSR1VNSH</EndToEndId></PmtId>
        <InstdAmt Ccy="EUR">311.85</InstdAmt>
        <DrctDbtTx><MndtRltdInf><MndtId>M1162401577 150214 20144</MndtId><DtOfSgntr>2014-02-15</DtOfSgntr><AmdmntInd>false</AmdmntInd></MndtRltdInf></DrctDbtTx>
        <DbtrAgt><FinInstnId><BIC>CMCIFR2A</BIC></FinInstnId></DbtrAgt>
        <Dbtr><Nm>PARILUSYAN</Nm></Dbtr>
        <DbtrAcct><Id><IBAN>FR7610278060940002040360109</IBAN></Id></DbtrAcct>
        <RmtInf><Ustrd>COTIS MT 2013-2014 avr.</Ustrd></RmtInf>
      </DrctDbtTxInf>
      <DrctDbtTxInf>
        <PmtId><EndToEndId>1IUPW1QM80AIG</EndToEndId></PmtId>
        <InstdAmt Ccy="EUR">311.85</InstdAmt>
        <DrctDbtTx><MndtRltdInf><MndtId>M1884067115 150214 20172</MndtId><DtOfSgntr>2014-02-15</DtOfSgntr><AmdmntInd>false</AmdmntInd></MndtRltdInf></DrctDbtTx>
        <DbtrAgt><FinInstnId><BIC>PSSTFRPPSCE</BIC></FinInstnId></DbtrAgt>
        <Dbtr><Nm>MAITRE</Nm></Dbtr>
        <DbtrAcct><Id><IBAN>FR3320041010124877377M03323</IBAN></Id></DbtrAcct>
        <RmtInf><Ustrd>COTIS MT 2013-2014 avr.</Ustrd></RmtInf>
      </DrctDbtTxInf>
      <DrctDbtTxInf>
        <PmtId><EndToEndId>UBUPQRO2D6CI</EndToEndId></PmtId>
        <InstdAmt Ccy="EUR">311.85</InstdAmt>
        <DrctDbtTx><MndtRltdInf><MndtId>M1574216089 150214 20220</MndtId><DtOfSgntr>2014-02-15</DtOfSgntr><AmdmntInd>false</AmdmntInd></MndtRltdInf></DrctDbtTx>
        <DbtrAgt><FinInstnId><BIC>CEPAFRPP751</BIC></FinInstnId></DbtrAgt>
        <Dbtr><Nm>BOZEC</Nm></Dbtr>
        <DbtrAcct><Id><IBAN>FR7617515900000454629026946</IBAN></Id></DbtrAcct>
        <RmtInf><Ustrd>COTIS MT 2013-2014 avr.</Ustrd></RmtInf>
      </DrctDbtTxInf>
      <DrctDbtTxInf>
        <PmtId><EndToEndId>1JEFYLLZ9RH2P</EndToEndId></PmtId>
        <InstdAmt Ccy="EUR">311.85</InstdAmt>
        <DrctDbtTx><MndtRltdInf><MndtId>M0121054735 150214 20267</MndtId><DtOfSgntr>2014-02-15</DtOfSgntr><AmdmntInd>false</AmdmntInd></MndtRltdInf></DrctDbtTx>
        <DbtrAgt><FinInstnId><BIC>CEPAFRPP751</BIC></FinInstnId></DbtrAgt>
        <Dbtr><Nm>PICARD</Nm></Dbtr>
        <DbtrAcct><Id><IBAN>FR7617515900000483312391964</IBAN></Id></DbtrAcct>
        <RmtInf><Ustrd>COTIS MT 2013-2014 avr.</Ustrd></RmtInf>
      </DrctDbtTxInf>
      <DrctDbtTxInf>
        <PmtId><EndToEndId>RHDB3V4HV96G</EndToEndId></PmtId>
        <InstdAmt Ccy="EUR">430.65</InstdAmt>
        <DrctDbtTx><MndtRltdInf><MndtId>M0592705506 150214 20272</MndtId><DtOfSgntr>2014-02-15</DtOfSgntr><AmdmntInd>false</AmdmntInd></MndtRltdInf></DrctDbtTx>
        <DbtrAgt><FinInstnId><BIC>NORDFRPP</BIC></FinInstnId></DbtrAgt>
        <Dbtr><Nm>ROCHARD</Nm></Dbtr>
        <DbtrAcct><Id><IBAN>FR7630076020461166130030091</IBAN></Id></DbtrAcct>
        <RmtInf><Ustrd>COTIS MT 2013-2014 avr.</Ustrd></RmtInf>
      </DrctDbtTxInf>
      <DrctDbtTxInf>
        <PmtId><EndToEndId>SOPNSGJQCGH1</EndToEndId></PmtId>
        <InstdAmt Ccy="EUR">118.80</InstdAmt>
        <DrctDbtTx><MndtRltdInf><MndtId>M1525527882 150214 20295</MndtId><DtOfSgntr>2014-02-15</DtOfSgntr><AmdmntInd>false</AmdmntInd></MndtRltdInf></DrctDbtTx>
        <DbtrAgt><FinInstnId><BIC>CEPAFRPP751</BIC></FinInstnId></DbtrAgt>
        <Dbtr><Nm>POIS</Nm></Dbtr>
        <DbtrAcct><Id><IBAN>FR7617515900000483014177395</IBAN></Id></DbtrAcct>
        <RmtInf><Ustrd>COTIS MT 2013-2014 avr.</Ustrd></RmtInf>
      </DrctDbtTxInf>
      <DrctDbtTxInf>
        <PmtId><EndToEndId>S50PDR0L03ZP</EndToEndId></PmtId>
        <InstdAmt Ccy="EUR">118.80</InstdAmt>
        <DrctDbtTx><MndtRltdInf><MndtId>M0303292339 150214 20336</MndtId><DtOfSgntr>2014-02-15</DtOfSgntr><AmdmntInd>false</AmdmntInd></MndtRltdInf></DrctDbtTx>
        <DbtrAgt><FinInstnId><BIC>CRLYFRPP</BIC></FinInstnId></DbtrAgt>
        <Dbtr><Nm>ASENSI</Nm></Dbtr>
        <DbtrAcct><Id><IBAN>FR3730002005450000371196C13</IBAN></Id></DbtrAcct>
        <RmtInf><Ustrd>COTIS MT 2013-2014 avr.</Ustrd></RmtInf>
      </DrctDbtTxInf>
      <DrctDbtTxInf>
        <PmtId><EndToEndId>URJLG2FZSRC4</EndToEndId></PmtId>
        <InstdAmt Ccy="EUR">416.85</InstdAmt>
        <DrctDbtTx><MndtRltdInf><MndtId>M0866906853 150214 20337</MndtId><DtOfSgntr>2014-02-15</DtOfSgntr><AmdmntInd>false</AmdmntInd></MndtRltdInf></DrctDbtTx>
        <DbtrAgt><FinInstnId><BIC>BNPAFRPPBBT</BIC></FinInstnId></DbtrAgt>
        <Dbtr><Nm>BROSSOLLET</Nm></Dbtr>
        <DbtrAcct><Id><IBAN>FR7630004019870000047993203</IBAN></Id></DbtrAcct>
        <RmtInf><Ustrd>COTIS MT 2013-2014 avr.</Ustrd></RmtInf>
      </DrctDbtTxInf>
      <DrctDbtTxInf>
        <PmtId><EndToEndId>1JENRLRCSH2Y9</EndToEndId></PmtId>
        <InstdAmt Ccy="EUR">254.70</InstdAmt>
        <DrctDbtTx><MndtRltdInf><MndtId>M1304844160 150214 20348</MndtId><DtOfSgntr>2014-02-15</DtOfSgntr><AmdmntInd>false</AmdmntInd></MndtRltdInf></DrctDbtTx>
        <DbtrAgt><FinInstnId><BIC>CMCIFRPP</BIC></FinInstnId></DbtrAgt>
        <Dbtr><Nm>SIMONIN</Nm></Dbtr>
        <DbtrAcct><Id><IBAN>FR7630066100050001039470188</IBAN></Id></DbtrAcct>
        <RmtInf><Ustrd>COTIS MT 2013-2014 avr.</Ustrd></RmtInf>
      </DrctDbtTxInf>
      <DrctDbtTxInf>
        <PmtId><EndToEndId>TO4IZU875OHH</EndToEndId></PmtId>
        <InstdAmt Ccy="EUR">118.80</InstdAmt>
        <DrctDbtTx><MndtRltdInf><MndtId>M1251876478 150214 20358</MndtId><DtOfSgntr>2014-02-15</DtOfSgntr><AmdmntInd>false</AmdmntInd></MndtRltdInf></DrctDbtTx>
        <DbtrAgt><FinInstnId><BIC>AGRIFRPP882</BIC></FinInstnId></DbtrAgt>
        <Dbtr><Nm>DERPIERRE</Nm></Dbtr>
        <DbtrAcct><Id><IBAN>FR7618206002631466945300114</IBAN></Id></DbtrAcct>
        <RmtInf><Ustrd>COTIS MT 2013-2014 avr.</Ustrd></RmtInf>
      </DrctDbtTxInf>
      <DrctDbtTxInf>
        <PmtId><EndToEndId>RH8ANVMXGEUQ</EndToEndId></PmtId>
        <InstdAmt Ccy="EUR">48.60</InstdAmt>
        <DrctDbtTx><MndtRltdInf><MndtId>M0571083179 150214 20367</MndtId><DtOfSgntr>2014-02-15</DtOfSgntr><AmdmntInd>false</AmdmntInd></MndtRltdInf></DrctDbtTx>
        <DbtrAgt><FinInstnId><BIC>BOUSFRPPXXX</BIC></FinInstnId></DbtrAgt>
        <Dbtr><Nm>ZILLER</Nm></Dbtr>
        <DbtrAcct><Id><IBAN>FR7640618802500004078338048</IBAN></Id></DbtrAcct>
        <RmtInf><Ustrd>COTIS MT 2013-2014 avr.</Ustrd></RmtInf>
      </DrctDbtTxInf>
      <DrctDbtTxInf>
        <PmtId><EndToEndId>RHG44OVA7TK6</EndToEndId></PmtId>
        <InstdAmt Ccy="EUR">877.50</InstdAmt>
        <DrctDbtTx><MndtRltdInf><MndtId>M0319470672 150214 20382</MndtId><DtOfSgntr>2014-02-15</DtOfSgntr><AmdmntInd>false</AmdmntInd></MndtRltdInf></DrctDbtTx>
        <DbtrAgt><FinInstnId><BIC>AGRIFRPP825</BIC></FinInstnId></DbtrAgt>
        <Dbtr><Nm>CREUZE</Nm></Dbtr>
        <DbtrAcct><Id><IBAN>FR7612506200435313459301082</IBAN></Id></DbtrAcct>
        <RmtInf><Ustrd>COTIS MT 2013-2014 avr.</Ustrd></RmtInf>
      </DrctDbtTxInf>
      <DrctDbtTxInf>
        <PmtId><EndToEndId>SKPL2O0YKTH3</EndToEndId></PmtId>
        <InstdAmt Ccy="EUR">118.80</InstdAmt>
        <DrctDbtTx><MndtRltdInf><MndtId>M0880155204 150214 20446</MndtId><DtOfSgntr>2014-02-15</DtOfSgntr><AmdmntInd>false</AmdmntInd></MndtRltdInf></DrctDbtTx>
        <DbtrAgt><FinInstnId><BIC>SOGEFRPP</BIC></FinInstnId></DbtrAgt>
        <Dbtr><Nm>CHAUMIER</Nm></Dbtr>
        <DbtrAcct><Id><IBAN>FR7630003038930005062924648</IBAN></Id></DbtrAcct>
        <RmtInf><Ustrd>COTIS MT 2013-2014 avr.</Ustrd></RmtInf>
      </DrctDbtTxInf>
      <DrctDbtTxInf>
        <PmtId><EndToEndId>T87D2SS6689V</EndToEndId></PmtId>
        <InstdAmt Ccy="EUR">118.80</InstdAmt>
        <DrctDbtTx><MndtRltdInf><MndtId>M0998136361 150214 20451</MndtId><DtOfSgntr>2014-02-15</DtOfSgntr><AmdmntInd>false</AmdmntInd></MndtRltdInf></DrctDbtTx>
        <DbtrAgt><FinInstnId><BIC>CCBPFRPPMTG</BIC></FinInstnId></DbtrAgt>
        <Dbtr><Nm>SHOUKROUN</Nm></Dbtr>
        <DbtrAcct><Id><IBAN>FR7610207002032019555278220</IBAN></Id></DbtrAcct>
        <RmtInf><Ustrd>COTIS MT 2013-2014 avr.</Ustrd></RmtInf>
      </DrctDbtTxInf>
      <DrctDbtTxInf>
        <PmtId><EndToEndId>1JEW11TMC3S4Y</EndToEndId></PmtId>
        <InstdAmt Ccy="EUR">118.80</InstdAmt>
        <DrctDbtTx><MndtRltdInf><MndtId>M1916823614 150214 20458</MndtId><DtOfSgntr>2014-02-15</DtOfSgntr><AmdmntInd>false</AmdmntInd></MndtRltdInf></DrctDbtTx>
        <DbtrAgt><FinInstnId><BIC>CMCIFR2A</BIC></FinInstnId></DbtrAgt>
        <Dbtr><Nm>NGUYEN</Nm></Dbtr>
        <DbtrAcct><Id><IBAN>FR7610278030000006347904046</IBAN></Id></DbtrAcct>
        <RmtInf><Ustrd>COTIS MT 2013-2014 avr.</Ustrd></RmtInf>
      </DrctDbtTxInf>
      <DrctDbtTxInf>
        <PmtId><EndToEndId>URXF54P1L54O</EndToEndId></PmtId>
        <InstdAmt Ccy="EUR">118.80</InstdAmt>
        <DrctDbtTx><MndtRltdInf><MndtId>M1339099387 150214 20463</MndtId><DtOfSgntr>2014-02-15</DtOfSgntr><AmdmntInd>false</AmdmntInd></MndtRltdInf></DrctDbtTx>
        <DbtrAgt><FinInstnId><BIC>CEPAFRPP751</BIC></FinInstnId></DbtrAgt>
        <Dbtr><Nm>TEIXEIRA</Nm></Dbtr>
        <DbtrAcct><Id><IBAN>FR7617515900000408026993742</IBAN></Id></DbtrAcct>
        <RmtInf><Ustrd>COTIS MT 2013-2014 avr.</Ustrd></RmtInf>
      </DrctDbtTxInf>
      <DrctDbtTxInf>
        <PmtId><EndToEndId>QE9D8Y5B3038</EndToEndId></PmtId>
        <InstdAmt Ccy="EUR">311.85</InstdAmt>
        <DrctDbtTx><MndtRltdInf><MndtId>M0736371308 150214 20466</MndtId><DtOfSgntr>2014-02-15</DtOfSgntr><AmdmntInd>false</AmdmntInd></MndtRltdInf></DrctDbtTx>
        <DbtrAgt><FinInstnId><BIC>NORDFRPP</BIC></FinInstnId></DbtrAgt>
        <Dbtr><Nm>GENTY</Nm></Dbtr>
        <DbtrAcct><Id><IBAN>FR7630076043321046310030038</IBAN></Id></DbtrAcct>
        <RmtInf><Ustrd>COTIS MT 2013-2014 avr.</Ustrd></RmtInf>
      </DrctDbtTxInf>
      <DrctDbtTxInf>
        <PmtId><EndToEndId>RHOWIUG24OKJ</EndToEndId></PmtId>
        <InstdAmt Ccy="EUR">204.30</InstdAmt>
        <DrctDbtTx><MndtRltdInf><MndtId>M1327159613 150214 20469</MndtId><DtOfSgntr>2014-02-15</DtOfSgntr><AmdmntInd>false</AmdmntInd></MndtRltdInf></DrctDbtTx>
        <DbtrAgt><FinInstnId><BIC>AGRIFRPP879</BIC></FinInstnId></DbtrAgt>
        <Dbtr><Nm>GOURRIN</Nm></Dbtr>
        <DbtrAcct><Id><IBAN>FR7617906000325100421600044</IBAN></Id></DbtrAcct>
        <RmtInf><Ustrd>COTIS MT 2013-2014 avr.</Ustrd></RmtInf>
      </DrctDbtTxInf>
      <DrctDbtTxInf>
        <PmtId><EndToEndId>RHOCNO3CT1EP</EndToEndId></PmtId>
        <InstdAmt Ccy="EUR">254.70</InstdAmt>
        <DrctDbtTx><MndtRltdInf><MndtId>M2121285153 150214 20491</MndtId><DtOfSgntr>2014-02-15</DtOfSgntr><AmdmntInd>false</AmdmntInd></MndtRltdInf></DrctDbtTx>
        <DbtrAgt><FinInstnId><BIC>BNPAFRPPBBT</BIC></FinInstnId></DbtrAgt>
        <Dbtr><Nm>BROSSARD</Nm></Dbtr>
        <DbtrAcct><Id><IBAN>FR7630004000660000060653067</IBAN></Id></DbtrAcct>
        <RmtInf><Ustrd>COTIS MT 2013-2014 avr.</Ustrd></RmtInf>
      </DrctDbtTxInf>
      <DrctDbtTxInf>
        <PmtId><EndToEndId>T4YYJSASJ8S1</EndToEndId></PmtId>
        <InstdAmt Ccy="EUR">311.85</InstdAmt>
        <DrctDbtTx><MndtRltdInf><MndtId>M0341960702 150214 20493</MndtId><DtOfSgntr>2014-02-15</DtOfSgntr><AmdmntInd>false</AmdmntInd></MndtRltdInf></DrctDbtTx>
        <DbtrAgt><FinInstnId><BIC>SOGEFRPP</BIC></FinInstnId></DbtrAgt>
        <Dbtr><Nm>LEJEUNE</Nm></Dbtr>
        <DbtrAcct><Id><IBAN>FR7630003018050005062396763</IBAN></Id></DbtrAcct>
        <RmtInf><Ustrd>COTIS MT 2013-2014 avr.</Ustrd></RmtInf>
      </DrctDbtTxInf>
      <DrctDbtTxInf>
        <PmtId><EndToEndId>SOCCHFIDBXV7</EndToEndId></PmtId>
        <InstdAmt Ccy="EUR">311.85</InstdAmt>
        <DrctDbtTx><MndtRltdInf><MndtId>M1032612578 150214 20495</MndtId><DtOfSgntr>2014-02-15</DtOfSgntr><AmdmntInd>false</AmdmntInd></MndtRltdInf></DrctDbtTx>
        <DbtrAgt><FinInstnId><BIC>AGRIFRPP882</BIC></FinInstnId></DbtrAgt>
        <Dbtr><Nm>DELESALLE</Nm></Dbtr>
        <DbtrAcct><Id><IBAN>FR7618206001995574617000120</IBAN></Id></DbtrAcct>
        <RmtInf><Ustrd>COTIS MT 2013-2014 avr.</Ustrd></RmtInf>
      </DrctDbtTxInf>
      <DrctDbtTxInf>
        <PmtId><EndToEndId>1JY28C81K6BEA</EndToEndId></PmtId>
        <InstdAmt Ccy="EUR">118.80</InstdAmt>
        <DrctDbtTx><MndtRltdInf><MndtId>M1289250885 150214 20496</MndtId><DtOfSgntr>2014-02-15</DtOfSgntr><AmdmntInd>false</AmdmntInd></MndtRltdInf></DrctDbtTx>
        <DbtrAgt><FinInstnId><BIC>CMCIFRPP</BIC></FinInstnId></DbtrAgt>
        <Dbtr><Nm>HOVASSE</Nm></Dbtr>
        <DbtrAcct><Id><IBAN>FR7630066102110001082510169</IBAN></Id></DbtrAcct>
        <RmtInf><Ustrd>COTIS MT 2013-2014 avr.</Ustrd></RmtInf>
      </DrctDbtTxInf>
      <DrctDbtTxInf>
        <PmtId><EndToEndId>1JY2OEG14AL44</EndToEndId></PmtId>
        <InstdAmt Ccy="EUR">118.80</InstdAmt>
        <DrctDbtTx><MndtRltdInf><MndtId>M1007327252 150214 20503</MndtId><DtOfSgntr>2014-02-15</DtOfSgntr><AmdmntInd>false</AmdmntInd></MndtRltdInf></DrctDbtTx>
        <DbtrAgt><FinInstnId><BIC>CRLYFRPP</BIC></FinInstnId></DbtrAgt>
        <Dbtr><Nm>AMBLARD</Nm></Dbtr>
        <DbtrAcct><Id><IBAN>FR6930002005710000080543E71</IBAN></Id></DbtrAcct>
        <RmtInf><Ustrd>COTIS MT 2013-2014 avr.</Ustrd></RmtInf>
      </DrctDbtTxInf>
      <DrctDbtTxInf>
        <PmtId><EndToEndId>VEY44P9W1BG8</EndToEndId></PmtId>
        <InstdAmt Ccy="EUR">379.80</InstdAmt>
        <DrctDbtTx><MndtRltdInf><MndtId>M1287509595 150214 20513</MndtId><DtOfSgntr>2014-02-15</DtOfSgntr><AmdmntInd>false</AmdmntInd></MndtRltdInf></DrctDbtTx>
        <DbtrAgt><FinInstnId><BIC>SOGEFRPP</BIC></FinInstnId></DbtrAgt>
        <Dbtr><Nm>WEILL</Nm></Dbtr>
        <DbtrAcct><Id><IBAN>FR7630003038270015040018942</IBAN></Id></DbtrAcct>
        <RmtInf><Ustrd>COTIS MT 2013-2014 avr.</Ustrd></RmtInf>
      </DrctDbtTxInf>
      <DrctDbtTxInf>
        <PmtId><EndToEndId>QE1K8YAWAVJT</EndToEndId></PmtId>
        <InstdAmt Ccy="EUR">311.85</InstdAmt>
        <DrctDbtTx><MndtRltdInf><MndtId>M1921539050 150214 20515</MndtId><DtOfSgntr>2014-02-15</DtOfSgntr><AmdmntInd>false</AmdmntInd></MndtRltdInf></DrctDbtTx>
        <DbtrAgt><FinInstnId><BIC>PSSTFRPPPAR</BIC></FinInstnId></DbtrAgt>
        <Dbtr><Nm>LANDAIS</Nm></Dbtr>
        <DbtrAcct><Id><IBAN>FR6820041000015981459S02004</IBAN></Id></DbtrAcct>
        <RmtInf><Ustrd>COTIS MT 2013-2014 avr.</Ustrd></RmtInf>
      </DrctDbtTxInf>
      <DrctDbtTxInf>
        <PmtId><EndToEndId>UVBCIP62GWMO</EndToEndId></PmtId>
        <InstdAmt Ccy="EUR">260.10</InstdAmt>
        <DrctDbtTx><MndtRltdInf><MndtId>M1915652923 150214 20559</MndtId><DtOfSgntr>2014-02-15</DtOfSgntr><AmdmntInd>false</AmdmntInd></MndtRltdInf></DrctDbtTx>
        <DbtrAgt><FinInstnId><BIC>CRLYFRPP</BIC></FinInstnId></DbtrAgt>
        <Dbtr><Nm>DEBORDES</Nm></Dbtr>
        <DbtrAcct><Id><IBAN>FR4730002005420000081518V65</IBAN></Id></DbtrAcct>
        <RmtInf><Ustrd>COTIS MT 2013-2014 avr.</Ustrd></RmtInf>
      </DrctDbtTxInf>
      <DrctDbtTxInf>
        <PmtId><EndToEndId>T4A06IKZJKGY</EndToEndId></PmtId>
        <InstdAmt Ccy="EUR">281.85</InstdAmt>
        <DrctDbtTx><MndtRltdInf><MndtId>M1632767418 150214 20567</MndtId><DtOfSgntr>2014-02-15</DtOfSgntr><AmdmntInd>false</AmdmntInd></MndtRltdInf></DrctDbtTx>
        <DbtrAgt><FinInstnId><BIC>PSSTFRPPMAR</BIC></FinInstnId></DbtrAgt>
        <Dbtr><Nm>CANNICIONI</Nm></Dbtr>
        <DbtrAcct><Id><IBAN>FR9120041010082127986T02930</IBAN></Id></DbtrAcct>
        <RmtInf><Ustrd>COTIS MT 2013-2014 avr.</Ustrd></RmtInf>
      </DrctDbtTxInf>
      <DrctDbtTxInf>
        <PmtId><EndToEndId>T4SXG6M91IK4</EndToEndId></PmtId>
        <InstdAmt Ccy="EUR">48.60</InstdAmt>
        <DrctDbtTx><MndtRltdInf><MndtId>M1483903843 150214 20600</MndtId><DtOfSgntr>2014-02-15</DtOfSgntr><AmdmntInd>false</AmdmntInd></MndtRltdInf></DrctDbtTx>
        <DbtrAgt><FinInstnId><BIC>BNPAFRPPMAS</BIC></FinInstnId></DbtrAgt>
        <Dbtr><Nm>DUQUESNOY</Nm></Dbtr>
        <DbtrAcct><Id><IBAN>FR7630004008390000106063662</IBAN></Id></DbtrAcct>
        <RmtInf><Ustrd>COTIS MT 2013-2014 avr.</Ustrd></RmtInf>
      </DrctDbtTxInf>
      <DrctDbtTxInf>
        <PmtId><EndToEndId>VF1E7VARIP2D</EndToEndId></PmtId>
        <InstdAmt Ccy="EUR">48.60</InstdAmt>
        <DrctDbtTx><MndtRltdInf><MndtId>M1273882524 150214 20632</MndtId><DtOfSgntr>2014-02-15</DtOfSgntr><AmdmntInd>false</AmdmntInd></MndtRltdInf></DrctDbtTx>
        <DbtrAgt><FinInstnId><BIC>SOGEFRPP</BIC></FinInstnId></DbtrAgt>
        <Dbtr><Nm>CALICHIAMA</Nm></Dbtr>
        <DbtrAcct><Id><IBAN>FR7630003039000005700038391</IBAN></Id></DbtrAcct>
        <RmtInf><Ustrd>COTIS MT 2013-2014 avr.</Ustrd></RmtInf>
      </DrctDbtTxInf>
      <DrctDbtTxInf>
        <PmtId><EndToEndId>VBPR5P9VE7OH</EndToEndId></PmtId>
        <InstdAmt Ccy="EUR">260.10</InstdAmt>
        <DrctDbtTx><MndtRltdInf><MndtId>M0766233235 150214 20657</MndtId><DtOfSgntr>2014-02-15</DtOfSgntr><AmdmntInd>false</AmdmntInd></MndtRltdInf></DrctDbtTx>
        <DbtrAgt><FinInstnId><BIC>CEPAFRPP751</BIC></FinInstnId></DbtrAgt>
        <Dbtr><Nm>BOUCHEREAU</Nm></Dbtr>
        <DbtrAcct><Id><IBAN>FR7617515900000408949514279</IBAN></Id></DbtrAcct>
        <RmtInf><Ustrd>COTIS MT 2013-2014 avr.</Ustrd></RmtInf>
      </DrctDbtTxInf>
    </PmtInf>
    <PmtInf>
      <PmtInfId>1389883514568-L1</PmtInfId>
      <PmtMtd>DD</PmtMtd>
      <BtchBookg>true</BtchBookg>
      <NbOfTxs>29</NbOfTxs>
      <CtrlSum>4435.57</CtrlSum>
      <PmtTpInf><SvcLvl><Cd>SEPA</Cd></SvcLvl><LclInstrm><Cd>CORE</Cd></LclInstrm><SeqTp>RCUR</SeqTp></PmtTpInf>
      <ReqdColltnDt>2014-04-15</ReqdColltnDt>
      <Cdtr><Nm>MUSIQUES TANGENTES</Nm></Cdtr>
      <CdtrAcct><Id><IBAN>FR7642559000052102737870703</IBAN></Id></CdtrAcct>
      <CdtrAgt><FinInstnId><BIC>CCOPFRPPXXX</BIC></FinInstnId></CdtrAgt>
      <CdtrSchmeId><Id><PrvtId><Othr><Id>FR68ZZZ000144</Id><SchmeNm><Prtry>SEPA</Prtry></SchmeNm></Othr></PrvtId></Id></CdtrSchmeId>
      <DrctDbtTxInf>
        <PmtId><EndToEndId>1JENQW7V9ZPKL</EndToEndId></PmtId>
        <InstdAmt Ccy="EUR">87.73</InstdAmt>
        <DrctDbtTx><MndtRltdInf><MndtId>M1514851592 150214 5310</MndtId><DtOfSgntr>2014-02-15</DtOfSgntr><AmdmntInd>false</AmdmntInd></MndtRltdInf></DrctDbtTx>
        <DbtrAgt><FinInstnId><BIC>CEPAFRPP751</BIC></FinInstnId></DbtrAgt>
        <Dbtr><Nm>DHERBEY</Nm></Dbtr>
        <DbtrAcct><Id><IBAN>FR7617515006000437336119412</IBAN></Id></DbtrAcct>
        <RmtInf><Ustrd>COTIS MT 2013-2014 avr.</Ustrd></RmtInf>
      </DrctDbtTxInf>
      <DrctDbtTxInf>
        <PmtId><EndToEndId>1JI1QJ60G1OIT</EndToEndId></PmtId>
        <InstdAmt Ccy="EUR">259.63</InstdAmt>
        <DrctDbtTx><MndtRltdInf><MndtId>M1765359395 150214 5314</MndtId><DtOfSgntr>2014-02-15</DtOfSgntr><AmdmntInd>false</AmdmntInd></MndtRltdInf></DrctDbtTx>
        <DbtrAgt><FinInstnId><BIC>CRLYFRPP</BIC></FinInstnId></DbtrAgt>
        <Dbtr><Nm>BARON</Nm></Dbtr>
        <DbtrAcct><Id><IBAN>FR6430002005240000061765D64</IBAN></Id></DbtrAcct>
        <RmtInf><Ustrd>COTIS MT 2013-2014 avr.</Ustrd></RmtInf>
      </DrctDbtTxInf>
      <DrctDbtTxInf>
        <PmtId><EndToEndId>URV6GIYYFB5G</EndToEndId></PmtId>
        <InstdAmt Ccy="EUR">107.42</InstdAmt>
        <DrctDbtTx><MndtRltdInf><MndtId>M1557672329 150214 13647</MndtId><DtOfSgntr>2014-02-15</DtOfSgntr><AmdmntInd>false</AmdmntInd></MndtRltdInf></DrctDbtTx>
        <DbtrAgt><FinInstnId><BIC>CRLYFRPP</BIC></FinInstnId></DbtrAgt>
        <Dbtr><Nm>FREREBEAU</Nm></Dbtr>
        <DbtrAcct><Id><IBAN>FR6430002005240000062876W96</IBAN></Id></DbtrAcct>
        <RmtInf><Ustrd>COTIS MT 2013-2014 avr.</Ustrd></RmtInf>
      </DrctDbtTxInf>
      <DrctDbtTxInf>
        <PmtId><EndToEndId>S12SAS3PH9O7</EndToEndId></PmtId>
        <InstdAmt Ccy="EUR">354.64</InstdAmt>
        <DrctDbtTx><MndtRltdInf><MndtId>M2117502938 150214 13857</MndtId><DtOfSgntr>2014-02-15</DtOfSgntr><AmdmntInd>false</AmdmntInd></MndtRltdInf></DrctDbtTx>
        <DbtrAgt><FinInstnId><BIC>PSSTFRPPSCE</BIC></FinInstnId></DbtrAgt>
        <Dbtr><Nm>DUCHATEL</Nm></Dbtr>
        <DbtrAcct><Id><IBAN>FR1520041010124835539L03377</IBAN></Id></DbtrAcct>
        <RmtInf><Ustrd>COTIS MT 2013-2014 avr.</Ustrd></RmtInf>
      </DrctDbtTxInf>
      <DrctDbtTxInf>
        <PmtId><EndToEndId>1JEQIZA88J6N6</EndToEndId></PmtId>
        <InstdAmt Ccy="EUR">107.42</InstdAmt>
        <DrctDbtTx><MndtRltdInf><MndtId>M1699775666 150214 15835</MndtId><DtOfSgntr>2014-02-15</DtOfSgntr><AmdmntInd>false</AmdmntInd></MndtRltdInf></DrctDbtTx>
        <DbtrAgt><FinInstnId><BIC>PSSTFRPPSCE</BIC></FinInstnId></DbtrAgt>
        <Dbtr><Nm>MURET</Nm></Dbtr>
        <DbtrAcct><Id><IBAN>FR8520041010124383827V03320</IBAN></Id></DbtrAcct>
        <RmtInf><Ustrd>COTIS MT 2013-2014 avr.</Ustrd></RmtInf>
      </DrctDbtTxInf>
      <DrctDbtTxInf>
        <PmtId><EndToEndId>VEY5OPQZ6ZW2</EndToEndId></PmtId>
        <InstdAmt Ccy="EUR">130.82</InstdAmt>
        <DrctDbtTx><MndtRltdInf><MndtId>M1450187528 150214 15846</MndtId><DtOfSgntr>2014-02-15</DtOfSgntr><AmdmntInd>false</AmdmntInd></MndtRltdInf></DrctDbtTx>
        <DbtrAgt><FinInstnId><BIC>AGRIFRPP882</BIC></FinInstnId></DbtrAgt>
        <Dbtr><Nm>BOURHIS</Nm></Dbtr>
        <DbtrAcct><Id><IBAN>FR7618206004746026730319113</IBAN></Id></DbtrAcct>
        <RmtInf><Ustrd>COTIS MT 2013-2014 avr.</Ustrd></RmtInf>
      </DrctDbtTxInf>
      <DrctDbtTxInf>
        <PmtId><EndToEndId>TOLPTSMJPRG0</EndToEndId></PmtId>
        <InstdAmt Ccy="EUR">153.92</InstdAmt>
        <DrctDbtTx><MndtRltdInf><MndtId>M0829539269 150214 18667</MndtId><DtOfSgntr>2014-02-15</DtOfSgntr><AmdmntInd>false</AmdmntInd></MndtRltdInf></DrctDbtTx>
        <DbtrAgt><FinInstnId><BIC>AGRIFRPP882</BIC></FinInstnId></DbtrAgt>
        <Dbtr><Nm>PAPIN</Nm></Dbtr>
        <DbtrAcct><Id><IBAN>FR7618206002636500795014959</IBAN></Id></DbtrAcct>
        <RmtInf><Ustrd>COTIS MT 2013-2014 avr.</Ustrd></RmtInf>
      </DrctDbtTxInf>
      <DrctDbtTxInf>
        <PmtId><EndToEndId>U87Z6XPDWYM0</EndToEndId></PmtId>
        <InstdAmt Ccy="EUR">97.42</InstdAmt>
        <DrctDbtTx><MndtRltdInf><MndtId>M0630678630 150214 18938</MndtId><DtOfSgntr>2014-02-15</DtOfSgntr><AmdmntInd>false</AmdmntInd></MndtRltdInf></DrctDbtTx>
        <DbtrAgt><FinInstnId><BIC>BNPAFRPPBBT</BIC></FinInstnId></DbtrAgt>
        <Dbtr><Nm>BADAIRE</Nm></Dbtr>
        <DbtrAcct><Id><IBAN>FR7630004008360000043581157</IBAN></Id></DbtrAcct>
        <RmtInf><Ustrd>COTIS MT 2013-2014 avr.</Ustrd></RmtInf>
      </DrctDbtTxInf>
      <DrctDbtTxInf>
        <PmtId><EndToEndId>QXTVXP1TQ14P</EndToEndId></PmtId>
        <InstdAmt Ccy="EUR">16.73</InstdAmt>
        <DrctDbtTx><MndtRltdInf><MndtId>M1605493890 150214 18945</MndtId><DtOfSgntr>2014-02-15</DtOfSgntr><AmdmntInd>false</AmdmntInd></MndtRltdInf></DrctDbtTx>
        <DbtrAgt><FinInstnId><BIC>CCBPFRPPMTG</BIC></FinInstnId></DbtrAgt>
        <Dbtr><Nm>ALMODOVAR</Nm></Dbtr>
        <DbtrAcct><Id><IBAN>FR7610207000710417107666864</IBAN></Id></DbtrAcct>
        <RmtInf><Ustrd>COTIS MT 2013-2014 avr.</Ustrd></RmtInf>
      </DrctDbtTxInf>
      <DrctDbtTxInf>
        <PmtId><EndToEndId>QXQLGC0S1FLJ</EndToEndId></PmtId>
        <InstdAmt Ccy="EUR">55.92</InstdAmt>
        <DrctDbtTx><MndtRltdInf><MndtId>M0290258031 150214 19275</MndtId><DtOfSgntr>2014-02-15</DtOfSgntr><AmdmntInd>false</AmdmntInd></MndtRltdInf></DrctDbtTx>
        <DbtrAgt><FinInstnId><BIC>CEPAFRPP751</BIC></FinInstnId></DbtrAgt>
        <Dbtr><Nm>GOURNAY</Nm></Dbtr>
        <DbtrAcct><Id><IBAN>FR7617515900000409010492941</IBAN></Id></DbtrAcct>
        <RmtInf><Ustrd>COTIS MT 2013-2014 avr.</Ustrd></RmtInf>
      </DrctDbtTxInf>
      <DrctDbtTxInf>
        <PmtId><EndToEndId>1HBFZXSQU3S6C</EndToEndId></PmtId>
        <InstdAmt Ccy="EUR">87.73</InstdAmt>
        <DrctDbtTx><MndtRltdInf><MndtId>M2063645462 150214 19344</MndtId><DtOfSgntr>2014-02-15</DtOfSgntr><AmdmntInd>false</AmdmntInd></MndtRltdInf></DrctDbtTx>
        <DbtrAgt><FinInstnId><BIC>SOGEFRPP</BIC></FinInstnId></DbtrAgt>
        <Dbtr><Nm>LERMINE</Nm></Dbtr>
        <DbtrAcct><Id><IBAN>FR7630003014350005053431365</IBAN></Id></DbtrAcct>
        <RmtInf><Ustrd>COTIS MT 2013-2014 avr.</Ustrd></RmtInf>
      </DrctDbtTxInf>
      <DrctDbtTxInf>
        <PmtId><EndToEndId>SKQ2AVQ4LWS5</EndToEndId></PmtId>
        <InstdAmt Ccy="EUR">77.80</InstdAmt>
        <DrctDbtTx><MndtRltdInf><MndtId>M1195220113 150214 19375</MndtId><DtOfSgntr>2014-02-15</DtOfSgntr><AmdmntInd>false</AmdmntInd></MndtRltdInf></DrctDbtTx>
        <DbtrAgt><FinInstnId><BIC>PSSTFRPPSCE</BIC></FinInstnId></DbtrAgt>
        <Dbtr><Nm>BOYER</Nm></Dbtr>
        <DbtrAcct><Id><IBAN>FR2420041010126375546G03333</IBAN></Id></DbtrAcct>
        <RmtInf><Ustrd>COTIS MT 2013-2014 avr.</Ustrd></RmtInf>
      </DrctDbtTxInf>
      <DrctDbtTxInf>
        <PmtId><EndToEndId>1H7J5D10PIRE9</EndToEndId></PmtId>
        <InstdAmt Ccy="EUR">107.42</InstdAmt>
        <DrctDbtTx><MndtRltdInf><MndtId>M1542347730 150214 19396</MndtId><DtOfSgntr>2014-02-15</DtOfSgntr><AmdmntInd>false</AmdmntInd></MndtRltdInf></DrctDbtTx>
        <DbtrAgt><FinInstnId><BIC>CMCIFRPP</BIC></FinInstnId></DbtrAgt>
        <Dbtr><Nm>PENNETEAU</Nm></Dbtr>
        <DbtrAcct><Id><IBAN>FR7630066106010001025190123</IBAN></Id></DbtrAcct>
        <RmtInf><Ustrd>COTIS MT 2013-2014 avr.</Ustrd></RmtInf>
      </DrctDbtTxInf>
      <DrctDbtTxInf>
        <PmtId><EndToEndId>T4ND4SXIL2R7</EndToEndId></PmtId>
        <InstdAmt Ccy="EUR">153.91</InstdAmt>
        <DrctDbtTx><MndtRltdInf><MndtId>M0955921211 150214 19863</MndtId><DtOfSgntr>2014-02-15</DtOfSgntr><AmdmntInd>false</AmdmntInd></MndtRltdInf></DrctDbtTx>
        <DbtrAgt><FinInstnId><BIC>CRLYFRPP</BIC></FinInstnId></DbtrAgt>
        <Dbtr><Nm>YAGO</Nm></Dbtr>
        <DbtrAcct><Id><IBAN>FR6030002006160000045310M59</IBAN></Id></DbtrAcct>
        <RmtInf><Ustrd>COTIS MT 2013-2014 avr.</Ustrd></RmtInf>
      </DrctDbtTxInf>
      <DrctDbtTxInf>
        <PmtId><EndToEndId>1IYQ2NXH5OE2D</EndToEndId></PmtId>
        <InstdAmt Ccy="EUR">107.42</InstdAmt>
        <DrctDbtTx><MndtRltdInf><MndtId>M0640094342 150214 19997</MndtId><DtOfSgntr>2014-02-15</DtOfSgntr><AmdmntInd>false</AmdmntInd></MndtRltdInf></DrctDbtTx>
        <DbtrAgt><FinInstnId><BIC>CMCIFRPP</BIC></FinInstnId></DbtrAgt>
        <Dbtr><Nm>BERTHOD</Nm></Dbtr>
        <DbtrAcct><Id><IBAN>FR7630066100610001010980157</IBAN></Id></DbtrAcct>
        <RmtInf><Ustrd>COTIS MT 2013-2014 avr.</Ustrd></RmtInf>
      </DrctDbtTxInf>
      <DrctDbtTxInf>
        <PmtId><EndToEndId>1JYOUZJOWVZN7</EndToEndId></PmtId>
        <InstdAmt Ccy="EUR">153.91</InstdAmt>
        <DrctDbtTx><MndtRltdInf><MndtId>M1373890366 150214 20092</MndtId><DtOfSgntr>2014-02-15</DtOfSgntr><AmdmntInd>false</AmdmntInd></MndtRltdInf></DrctDbtTx>
        <DbtrAgt><FinInstnId><BIC>BNPAFRPPPRG</BIC></FinInstnId></DbtrAgt>
        <Dbtr><Nm>GRANDMAISON</Nm></Dbtr>
        <DbtrAcct><Id><IBAN>FR7630004008170000008359190</IBAN></Id></DbtrAcct>
        <RmtInf><Ustrd>COTIS MT 2013-2014 avr.</Ustrd></RmtInf>
      </DrctDbtTxInf>
      <DrctDbtTxInf>
        <PmtId><EndToEndId>1IBJUZ9UZ2LIE</EndToEndId></PmtId>
        <InstdAmt Ccy="EUR">272.36</InstdAmt>
        <DrctDbtTx><MndtRltdInf><MndtId>M0472049417 150214 20176</MndtId><DtOfSgntr>2014-02-15</DtOfSgntr><AmdmntInd>false</AmdmntInd></MndtRltdInf></DrctDbtTx>
        <DbtrAgt><FinInstnId><BIC>BNPAFRPPPSU</BIC></FinInstnId></DbtrAgt>
        <Dbtr><Nm>DITROY</Nm></Dbtr>
        <DbtrAcct><Id><IBAN>FR7630004001520000111017281</IBAN></Id></DbtrAcct>
        <RmtInf><Ustrd>COTIS MT 2013-2014 avr.</Ustrd></RmtInf>
      </DrctDbtTxInf>
      <DrctDbtTxInf>
        <PmtId><EndToEndId>VEVCF69E56QU</EndToEndId></PmtId>
        <InstdAmt Ccy="EUR">153.91</InstdAmt>
        <DrctDbtTx><MndtRltdInf><MndtId>M1670390014 150214 20203</MndtId><DtOfSgntr>2014-02-15</DtOfSgntr><AmdmntInd>false</AmdmntInd></MndtRltdInf></DrctDbtTx>
        <DbtrAgt><FinInstnId><BIC>CMCIFRPP</BIC></FinInstnId></DbtrAgt>
        <Dbtr><Nm>SIGER</Nm></Dbtr>
        <DbtrAcct><Id><IBAN>FR7630066106330001015540180</IBAN></Id></DbtrAcct>
        <RmtInf><Ustrd>COTIS MT 2013-2014 avr.</Ustrd></RmtInf>
      </DrctDbtTxInf>
      <DrctDbtTxInf>
        <PmtId><EndToEndId>1JEWKGW8E4M78</EndToEndId></PmtId>
        <InstdAmt Ccy="EUR">153.91</InstdAmt>
        <DrctDbtTx><MndtRltdInf><MndtId>M1455901845 140114 20204</MndtId><DtOfSgntr>2014-01-14</DtOfSgntr><AmdmntInd>false</AmdmntInd></MndtRltdInf></DrctDbtTx>
        <DbtrAgt><FinInstnId><BIC>PSSTFRPPSCE</BIC></FinInstnId></DbtrAgt>
        <Dbtr><Nm>HOAREAU</Nm></Dbtr>
        <DbtrAcct><Id><IBAN>FR0220041010123843018J03337</IBAN></Id></DbtrAcct>
        <RmtInf><Ustrd>COTIS MT 2013-2014 avr.</Ustrd></RmtInf>
      </DrctDbtTxInf>
      <DrctDbtTxInf>
        <PmtId><EndToEndId>QE6NFHEJVKTT</EndToEndId></PmtId>
        <InstdAmt Ccy="EUR">214.84</InstdAmt>
        <DrctDbtTx><MndtRltdInf><MndtId>M1580135631 150214 20210</MndtId><DtOfSgntr>2014-02-15</DtOfSgntr><AmdmntInd>false</AmdmntInd></MndtRltdInf></DrctDbtTx>
        <DbtrAgt><FinInstnId><BIC>CCBPFRPPMTG</BIC></FinInstnId></DbtrAgt>
        <Dbtr><Nm>SICHLER</Nm></Dbtr>
        <DbtrAcct><Id><IBAN>FR7610207000430414302192738</IBAN></Id></DbtrAcct>
        <RmtInf><Ustrd>COTIS MT 2013-2014 avr.</Ustrd></RmtInf>
      </DrctDbtTxInf>
      <DrctDbtTxInf>
        <PmtId><EndToEndId>RHOW7GGNXLWZ</EndToEndId></PmtId>
        <InstdAmt Ccy="EUR">40.92</InstdAmt>
        <DrctDbtTx><MndtRltdInf><MndtId>M1370724150 150214 20416</MndtId><DtOfSgntr>2014-02-15</DtOfSgntr><AmdmntInd>false</AmdmntInd></MndtRltdInf></DrctDbtTx>
        <DbtrAgt><FinInstnId><BIC>CRLYFRPP</BIC></FinInstnId></DbtrAgt>
        <Dbtr><Nm>CHELLAT</Nm></Dbtr>
        <DbtrAcct><Id><IBAN>FR3430002006160000048946J16</IBAN></Id></DbtrAcct>
        <RmtInf><Ustrd>COTIS MT 2013-2014 avr.</Ustrd></RmtInf>
      </DrctDbtTxInf>
      <DrctDbtTxInf>
        <PmtId><EndToEndId>RKWTWS24OS3A</EndToEndId></PmtId>
        <InstdAmt Ccy="EUR">87.73</InstdAmt>
        <DrctDbtTx><MndtRltdInf><MndtId>M0938699391 150214 20438</MndtId><DtOfSgntr>2014-02-15</DtOfSgntr><AmdmntInd>false</AmdmntInd></MndtRltdInf></DrctDbtTx>
        <DbtrAgt><FinInstnId><BIC>BNPAFRPPBBT</BIC></FinInstnId></DbtrAgt>
        <Dbtr><Nm>LEBLANC</Nm></Dbtr>
        <DbtrAcct><Id><IBAN>FR7630004009370000130509296</IBAN></Id></DbtrAcct>
        <RmtInf><Ustrd>COTIS MT 2013-2014 avr.</Ustrd></RmtInf>
      </DrctDbtTxInf>
      <DrctDbtTxInf>
        <PmtId><EndToEndId>1HRGZCWY2VEJN</EndToEndId></PmtId>
        <InstdAmt Ccy="EUR">107.42</InstdAmt>
        <DrctDbtTx><MndtRltdInf><MndtId>M0996475695 150214 20484</MndtId><DtOfSgntr>2014-02-15</DtOfSgntr><AmdmntInd>false</AmdmntInd></MndtRltdInf></DrctDbtTx>
        <DbtrAgt><FinInstnId><BIC>BPSMFRPP</BIC></FinInstnId></DbtrAgt>
        <Dbtr><Nm>FERREIRA DA SILVA</Nm></Dbtr>
        <DbtrAcct><Id><IBAN>FR7612579007000460779887853</IBAN></Id></DbtrAcct>
        <RmtInf><Ustrd>COTIS MT 2013-2014 avr.</Ustrd></RmtInf>
      </DrctDbtTxInf>
      <DrctDbtTxInf>
        <PmtId><EndToEndId>1JY24UFT4KLYR</EndToEndId></PmtId>
        <InstdAmt Ccy="EUR">130.82</InstdAmt>
        <DrctDbtTx><MndtRltdInf><MndtId>M2039666586 150214 20522</MndtId><DtOfSgntr>2014-02-15</DtOfSgntr><AmdmntInd>false</AmdmntInd></MndtRltdInf></DrctDbtTx>
        <DbtrAgt><FinInstnId><BIC>CEPAFRPP751</BIC></FinInstnId></DbtrAgt>
        <Dbtr><Nm>LABEAU</Nm></Dbtr>
        <DbtrAcct><Id><IBAN>FR7617515006000480316072027</IBAN></Id></DbtrAcct>
        <RmtInf><Ustrd>COTIS MT 2013-2014 avr.</Ustrd></RmtInf>
      </DrctDbtTxInf>
      <DrctDbtTxInf>
        <PmtId><EndToEndId>URGSHPTR5EN9</EndToEndId></PmtId>
        <InstdAmt Ccy="EUR">864.00</InstdAmt>
        <DrctDbtTx><MndtRltdInf><MndtId>M0555663385 150214 20533</MndtId><DtOfSgntr>2014-02-15</DtOfSgntr><AmdmntInd>false</AmdmntInd></MndtRltdInf></DrctDbtTx>
        <DbtrAgt><FinInstnId><BIC>SOGEFRPP</BIC></FinInstnId></DbtrAgt>
        <Dbtr><Nm>RIVALS</Nm></Dbtr>
        <DbtrAcct><Id><IBAN>FR7630003022140005013160509</IBAN></Id></DbtrAcct>
        <RmtInf><Ustrd>COTIS MT 2013-2014 avr.</Ustrd></RmtInf>
      </DrctDbtTxInf>
      <DrctDbtTxInf>
        <PmtId><EndToEndId>T4YHUVFXG12C</EndToEndId></PmtId>
        <InstdAmt Ccy="EUR">153.91</InstdAmt>
        <DrctDbtTx><MndtRltdInf><MndtId>M1137543665 150214 20556</MndtId><DtOfSgntr>2014-02-15</DtOfSgntr><AmdmntInd>false</AmdmntInd></MndtRltdInf></DrctDbtTx>
        <DbtrAgt><FinInstnId><BIC>PSSTFRPPSCE</BIC></FinInstnId></DbtrAgt>
        <Dbtr><Nm>CARTEAU</Nm></Dbtr>
        <DbtrAcct><Id><IBAN>FR6220041010124540825V03371</IBAN></Id></DbtrAcct>
        <RmtInf><Ustrd>COTIS MT 2013-2014 avr.</Ustrd></RmtInf>
      </DrctDbtTxInf>
      <DrctDbtTxInf>
        <PmtId><EndToEndId>VBHXD7UDH1EP</EndToEndId></PmtId>
        <InstdAmt Ccy="EUR">89.59</InstdAmt>
        <DrctDbtTx><MndtRltdInf><MndtId>M1330480886 150214 20637</MndtId><DtOfSgntr>2014-02-15</DtOfSgntr><AmdmntInd>false</AmdmntInd></MndtRltdInf></DrctDbtTx>
        <DbtrAgt><FinInstnId><BIC>PSSTFRPPPAR</BIC></FinInstnId></DbtrAgt>
        <Dbtr><Nm>GALEY</Nm></Dbtr>
        <DbtrAcct><Id><IBAN>FR2220041000012477491F02061</IBAN></Id></DbtrAcct>
        <RmtInf><Ustrd>COTIS MT 2013-2014 avr.</Ustrd></RmtInf>
      </DrctDbtTxInf>
      <DrctDbtTxInf>
        <PmtId><EndToEndId>SKSC2JX1DXYS</EndToEndId></PmtId>
        <InstdAmt Ccy="EUR">89.59</InstdAmt>
        <DrctDbtTx><MndtRltdInf><MndtId>M0026579956 150214 20638</MndtId><DtOfSgntr>2014-02-15</DtOfSgntr><AmdmntInd>false</AmdmntInd></MndtRltdInf></DrctDbtTx>
        <DbtrAgt><FinInstnId><BIC>SOGEFRPP</BIC></FinInstnId></DbtrAgt>
        <Dbtr><Nm>BOURESCHE</Nm></Dbtr>
        <DbtrAcct><Id><IBAN>FR7630003035400005006729986</IBAN></Id></DbtrAcct>
        <RmtInf><Ustrd>COTIS MT 2013-2014 avr.</Ustrd></RmtInf>
      </DrctDbtTxInf>
      <DrctDbtTxInf>
        <PmtId><EndToEndId>VBSJBM8XSMYD</EndToEndId></PmtId>
        <InstdAmt Ccy="EUR">16.73</InstdAmt>
        <DrctDbtTx><MndtRltdInf><MndtId>M1499246187 150214 20653</MndtId><DtOfSgntr>2014-02-15</DtOfSgntr><AmdmntInd>false</AmdmntInd></MndtRltdInf></DrctDbtTx>
        <DbtrAgt><FinInstnId><BIC>BNPAFRPPBBT</BIC></FinInstnId></DbtrAgt>
        <Dbtr><Nm>GUERGUY</Nm></Dbtr>
        <DbtrAcct><Id><IBAN>FR7630004019870000080391203</IBAN></Id></DbtrAcct>
        <RmtInf><Ustrd>COTIS MT 2013-2014 avr.</Ustrd></RmtInf>
      </DrctDbtTxInf>
    </PmtInf>
  </CstmrDrctDbtInitn>
</Document>